2396 3336
499 300 560 347 22
965 316 1016 351 iu.
1057 316 1206 350 'ruma
1243 315 1509 350 ommnoms

493 435 668 490 Pyrrho
679 435 1023 492 triumphasset,
1033 437 1589 494 consumpsitextremum
1597 444 1781 494 tempus
1798 436 1985 489 aetatis;

490 507 619 563 cujus
651 508 842 565 quidem
874 509 1030 554 villam
1063 523 1149 564 ego
1180 510 1502 566 contemplans
1516 508 1695 552 --abest
1731 508 1857 553 enirn
1888 521 1983 552 non

494 579 631 635 longe
672 577 719 622 ⁵a
771 581 1125 626 ine—admirari
1167 582 1281 626 satis
1322 595 1416 625 non
1457 595 1647 638 possum
1678 581 1750 625 vel
1783 581 1988 626 hominis

492 652 635 708 ipsius
679 653 1027 706 continentiam,
1071 654 1141 698 vel
1182 662 1445 710 temporum
1486 653 1796 710 disciplinam.
1868 653 1982 710 §56.

492 723 649 767 ¹Curio
686 725 745 767 ad
778 725 933 769 focum
955 725 1134 769 sedenti
1172 740 1394 782 inagnum
1417 726 1513 769 auri
1543 726 1724 782 pondus
1751 726 1985 771 Samnites

491 810 633 852 quum
655 797 932 850 attulissent,
949 796 1175 854 repudiati
1193 798 1256 841 ab
1271 812 1327 842 eo
1344 806 1462 842 sunt.
1531 799 1593 840 ²N
1601 812 1660 841 on
1677 798 1803 841 enim
1820 812 1984 842 aurum

489 868 660 914 habere
683 870 969 925 praeclarum
991 869 1080 913 sibi
1103 870 1247 914 videri
1270 870 1384 915 dixit
1408 886 1418 922 ;
1451 870 1531 915 sed
1555 870 1637 921 eis,
1659 870 1736 927 qui
1760 870 1985 914 haberent

488 954 667 994 aurum,
705 941 943 997 imperare.
1008 940 1285 985 ³Poteratne
1321 950 1477 986 tantus
1513 942 1696 986 animus
1743 956 1837 984 non
1882 941 1984 999 juc-

491 1013 665 1056 undam
687 1012 869 1057 efficere
901 1021 1186 1058 senectutem
1205 1014 1223 1058 ?
1285 1014 1399 1058 ⁴Sed
1422 1014 1557 1058 venio
1579 1014 1639 1058 ad
1660 1014 1903 1070 agricolas,
1925 1027 1985 1059 ne

481 1099 510 1128 a
533 1098 605 1128 me
627 1084 731 1141 ipso
754 1085 979 1130 recedam.
1033 1084 1115 1129 ⁵In
1138 1087 1261 1142 agris
1283 1095 1413 1131 erant
1438 1095 1536 1131 tum
1559 1095 1811 1141 senatores,
1833 1086 1880 1130 id
1904 1094 1978 1131 est

484 1169 633 1209 senes,
657 1157 695 1199 si
717 1156 907 1213 quidem
923 1157 1073 1201 aranti
1094 1158 1137 1201 L.
1161 1159 1382 1214 Quinctio
1403 1158 1681 1202 Cincinnato
1711 1157 1977 1202 nuntiatum

486 1237 555 1272 est
586 1242 696 1273 eum
731 1229 1006 1275 dictatorem
1038 1244 1140 1274 esse
1170 1230 1360 1285 factum,
1392 1230 1524 1287 cujus
1560 1230 1802 1274 dictatoris
1843 1230 1978 1286 jussu

487 1302 709 1358 magister
758 1303 977 1358 equitum,
1021 1303 1073 1346 C.
1133 1303 1354 1346 Servilius
1396 1303 1562 1353 Ahala,
1597 1301 1702 1359 ⁶Sp.
1754 1302 1980 1346 Maelium

485 1388 680 1430 regnum
722 1383 1019 1431 appetentem
1052 1383 1331 1431 occupatum
1373 1375 1617 1419 interemit.
1699 1373 1759 1417 ⁷A
1791 1375 1898 1418 villa
1931 1375 1979 1419 in

486 1455 700 1491 senatum
731 1448 1052 1492 arcessebatur
1074 1455 1117 1491 et
1141 1448 1307 1493 Curius
1330 1456 1374 1492 et
1414 1448 1553 1492 ceteri
1594 1462 1727 1492 senes
1751 1462 1759 1491 :
1794 1461 1849 1491 ex
1871 1462 1987 1505 quo,

485 1518 564 1575 qui
586 1533 667 1563 eos
689 1520 1001 1576 arcessebant,
1023 1518 1229 1562 Βἰνίοιῦονοε
1251 1520 1474 1564 nominati
1499 1528 1620 1564 sunt.
1691 1520 1818 1562 Num
1840 1520 1981 1576 igitur

485 1591 650 1635 horum
695 1600 910 1636 senectus
951 1592 1228 1637 miserabilis
1274 1592 1372 1646 fuit,
1409 1592 1486 1649 qui
1534 1605 1584 1635 se
1618 1591 1733 1647 ⁹agri
1778 1592 1981 1636 cultione

487 1663 783 1707 oblectabant
801 1664 819 1707 ?
878 1665 983 1708 Mea
1005 1663 1196 1721 quidem
1219 1663 1449 1708 sententia
1470 1661 1629 1707 ¹⁰haud
1652 1662 1748 1705 scio
1769 1677 1830 1705 an
1853 1663 1980 1706 nulla

486 1737 665 1780 beatior
696 1750 797 1780 esse
829 1737 989 1793 possit,
1021 1751 1171 1795 neque
1208 1737 1359 1780 solum
1391 1735 1558 1787 officio,
1580 1735 1705 1792 quod
1735 1735 1978 1779 hominum

487 1809 644 1864 generi
689 1809 906 1852 universo
946 1810 1125 1854 cultura
1165 1822 1381 1865 agrorum
1425 1816 1494 1851 est
1536 1806 1764 1863 salutaris,
1808 1808 1889 1852 sed
1932 1815 1978 1852 et

487 1881 796 1926 delectatione
835 1894 974 1936 quam
1005 1882 1117 1937 dixi,
1146 1891 1192 1927 et
1232 1882 1471 1926 saturitate
1502 1881 1728 1937 copiaque
1770 1880 1978 1924 omnium

488 1969 655 2009 rerum,
673 1970 791 2013 quae
809 1956 871 1999 ad
890 1955 1063 2000 victum
1084 1956 1338 2010 hominum,
1353 1955 1414 1998 ad
1438 1955 1612 1998 cultum
1628 1954 1768 1998 etiam
1786 1954 1979 1997 deorum

486 2029 733 2085 pertinent,
764 2027 865 2084 ¹¹ut‚
890 2029 1111 2086 quoniam
1140 2029 1257 2071 haec
1281 2027 1471 2084 quidam
1493 2026 1774 2079 desiderant,
1798 2026 1843 2068 in
1873 2040 1978 2082 gra-

483 2101 595 2145 tiam
621 2101 723 2157 jam
754 2115 861 2145 cum
893 2102 1128 2157 voluptate
1159 2100 1417 2144 redeamus.
1485 2101 1678 2155 Semper
1708 2097 1834 2142 enim
1864 2098 1978 2142 boni

487 2174 755 2229 assiduique
796 2173 973 2217 domini
1016 2172 1182 2217 referta
1220 2173 1336 2216 cella
1373 2171 1565 2226 vinaria,
1613 2170 1798 2224 olearia,
1838 2170 1979 2216 etiam

487 2247 678 2302 penaria
713 2255 795 2299 est,
839 2246 1034 2301 villaque
1069 2253 1165 2289 tota
1201 2246 1409 2301 locuples
1446 2256 1529 2299 est,
1570 2243 1778 2287 abundat
1819 2256 1977 2299 porco,

484 2318 649 2373 haed0‚
667 2317 1142 2374 agno,gallina‚lacte,
1152 2331 1304 2372 caseo,
1315 2317 1464 2360 melle.
1525 2314 1669 2371 ¹²Jam
1686 2315 1871 2359 hortum
1889 2315 1978 2372 ipsi

476 2391 707 2447 agricolae
731 2391 985 2436 succidiam
1007 2391 1204 2436 alteram
1224 2391 1475 2447 appellant.
1536 2388 1846 2433 ¹³Conditiora
1866 2388 1979 2432 facit

481 2464 596 2508 haec
619 2462 976 2519 supervacaneis
1008 2463 1148 2508 etiam
1170 2462 1323 2519 operis
1346 2462 1597 2519 aucupium
1619 2468 1755 2515 atque
1777 2460 1979 2505 venatio.

480 2534 503 2591 ,ξ
533 2546 598 2591 57.
634 2535 760 2592 Quid
780 2536 841 2580 de
862 2544 1099 2592 pratorum
1120 2535 1354 2579 viriditate
1374 2543 1455 2579 aut
1482 2534 1699 2577 arborum
1721 2532 1978 2588 ordinibus,

478 2616 558 2652 aut
581 2608 820 2653 vinearum
843 2607 1172 2652 olivetorumve
1196 2607 1350 2665 specie
1379 2607 1568 2651 dicam?
1617 2605 1778 2650 ¹Brevi
1800 2605 1976 2662 praeci-

478 2681 602 2726 dam.
670 2682 796 2737 Agro
818 2681 937 2724 bene
958 2681 1084 2725 culto
1112 2680 1227 2724 nihil
1249 2688 1402 2737 potest
1424 2693 1525 2723 esse
1543 2692 1629 2723 nec
1646 2678 1749 2721 ²usu
1771 2677 1979 2734 uberius,

474 2766 561 2798 nec
594 2753 749 2810 specie
779 2752 1000 2808 ornatius,
1033 2752 1095 2796 ad
1125 2765 1265 2808 quem
1294 2750 1539 2795 fruendum
1572 2764 1666 2794 non
1699 2749 1841 2793 modo
1876 2764 1975 2794 non

472 2826 695 2875 retardat.
735 2839 896 2871 verum
934 2826 1077 2870 etiam
1117 2825 1282 2870 invitat
1325 2832 1463 2881 atque
1503 2824 1690 2869 allectat
1733 2831 1967 2868 senectus.
