2436 3320
569 358 630 407 10
1034 376 1084 411 Μ.
1123 377 1272 411 'rum
1309 377 1573 412 cronnoms

563 493 888 552 percipiendis,
929 510 1023 540 non
1064 498 1322 543 condendis
1366 499 1603 544 fructibus.
1669 501 1964 558 Quamquam
2006 500 2055 545 in

566 567 668 611 aliis
691 568 845 613 minus
871 568 960 613 hoc
978 570 1145 614 mirum
1167 579 1253 625 est,
1274 585 1412 616 nemo
1433 572 1558 616 enim
1589 580 1659 617 est
1683 581 1777 617 tam
1802 588 1943 618 senex
1963 574 2062 632 ⁵qui

566 653 616 683 se
637 654 813 684 annum
844 654 938 685 non
970 651 1099 699 putet
1127 658 1266 701 posse
1295 643 1460 690 vivere.
1525 645 1616 689 Sed
1639 645 1790 690 eidem
1816 647 2058 691 elaborant

566 711 611 754 in
634 711 715 767 eis,
737 726 858 770 quae
882 713 1033 759 sciunt
1055 714 1171 758 nihil
1192 715 1386 760 omnino
1406 716 1466 759 ad
1492 729 1540 760 se
1562 717 1789 774 pertinere
1809 732 1818 761 :

797 813 934 858 ⁶Serit
954 814 1144 871 arbores,
1169 830 1281 871 quae
1302 814 1434 859 alteri
1455 815 1591 858 saeclo
1606 816 1802 872 prosint,

564 923 611 959 ut
653 915 716 960 ait
762 916 936 960 Statius
974 925 1129 961 noster
1170 916 1217 960 in
1254 915 1533 972 Synephebis.
1618 914 1642 968 ἓ
1675 926 1742 971 25.
1775 915 1904 962 ¹Nec
1945 930 2057 962 vero

561 986 744 1033 dubitat
774 989 991 1044 agricola,
1022 989 1233 1046 quamvis
1271 988 1328 1032 sit
1361 1002 1515 1043 senex,
1535 989 1788 1045 quaerenti,
1810 989 1884 1033 cui
1918 997 2058 1045 serat,

566 1061 869 1116 respondere3
901 1061 1004 1105 ²Dis
1024 1061 1367 1116 immortalibus,
1392 1061 1472 1117 qui
1501 1075 1567 1104 me
1592 1076 1685 1103 non
1712 1061 1905 1116 accipere
1926 1060 2057 1104 modo

562 1131 665 1175 haec
687 1148 716 1176 a
738 1134 981 1189 majoribus
1001 1130 1250 1190 voluerunt,
1274 1134 1346 1177 sed
1366 1134 1504 1177 etiam
1517 1133 1706 1190 posteris
1722 1134 1921 1189 prodere.
1994 1135 2000 1141 ”

625 1279 892 1324 V111.—Et
913 1279 1095 1324 ³melius
1121 1279 1347 1324 Caecilius
1375 1279 1434 1323 de
1458 1292 1567 1323 sene
1587 1278 1720 1323 alteri
1743 1279 1930 1323 saeculo
1952 1292 2057 1336 pro-

569 1350 806 1407 spiciente,
828 1367 969 1409 quam
991 1352 1122 1396 ⁴illud
1144 1352 1270 1397 idem
1291 1366 1299 1395 :

679 1449 867 1507 ⁵Edep0l
882 1454 1090 1507 senectus,
1114 1451 1153 1494 si
1173 1451 1242 1494 uil
1264 1451 1513 1507 quidquam
1542 1450 1674 1494 aliud
1692 1447 1792 1494 “viti

681 1522 903 1579 Apportes
923 1526 1081 1579 tecum,
1107 1538 1247 1581 quum
1267 1523 1461 1577 advenis,
1481 1537 1627 1566 uuum
1643 1523 1691 1566 id
1712 1526 1783 1566 sat
1804 1526 1881 1577 est,

681 1593 827 1650 ⁷Quod
845 1596 929 1640 diu
949 1597 1127 1641 vii-endo
1148 1597 1311 1651 multa,
1331 1610 1443 1653 quae
1464 1610 1554 1639 uon
1575 1596 1677 1650 volt,
1701 1595 1832 1639 videt.

568 1693 628 1737 Et
651 1694 797 1738 multa
816 1694 1013 1740 fortasse
1034 1709 1153 1752 quae
1181 1695 1289 1739 volt.
1357 1696 1510 1752 Atque
1540 1694 1606 1737 ²³in
1633 1708 1688 1738 ea
1708 1695 1912 1752 quidem,
1935 1708 2057 1752 quae

566 1780 658 1810 non
695 1767 804 1823 volt,
835 1782 975 1826 saepe
1002 1769 1143 1812 etiam
1164 1767 1485 1813 adulescentia
1512 1767 1713 1812 incurrit.
1780 1768 1922 1812 ⁹111ud
1945 1782 2056 1813 vero

566 1837 691 1883 idem
715 1839 944 1883 Caecilius
965 1838 1175 1884 vitiosius
1198 1853 1206 1882 :

685 1938 800 1983 Tum
819 1941 1021 1997 equidem
1039 1940 1092 1984 in
1113 1937 1315 1983 memento.
1336 1939 1415 1982 boe
1437 1939 1598 1996 deputo
1619 1939 1983 1982 miserrimum—

640 2011 847 2057 ¹¹Seutire
868 2028 920 2057 ea
940 2016 1083 2056 aetate
1106 2027 1190 2056 esse
1212 2027 1253 2055 se
1276 2012 1480 2056 odiosum
1499 2012 1643 2056 alce-ri.

565 2111 586 2165 ἓ
609 2112 677 2156 26.
712 2111 996 2169 1Jucundum
1014 2112 1184 2169 potius,
1201 2126 1342 2169 quam
1359 2111 1588 2155 odiosum.
1647 2112 1710 2156 Ut
1728 2113 1855 2157 enim
1872 2112 2056 2156 adules-

561 2186 771 2230 centibus
786 2186 909 2229 bona
924 2185 1078 2229 indole
1096 2184 1317 2241 praeditis
1336 2184 1568 2241 sapientes
1586 2183 1737 2229 ²senes
1753 2185 2056 2240 delectantur,

562 2258 797 2315 leviorque
828 2258 879 2302 fit
916 2267 1131 2303 senectus
1163 2272 1338 2312 eorum,
1372 2257 1450 2315 qui
1481 2258 1541 2301 ab
1570 2258 1813 2314 juventute
1844 2259 2056 2303 coluntur

562 2338 606 2374 et
629 2330 881 2386 diliguntur
903 2345 912 2373 :
947 2330 1011 2373 sic
1034 2330 1357 2374 adulescentes
1376 2344 1538 2374 senum
1555 2331 1815 2387 praeceptis
1835 2331 2057 2388 gaudent,

564 2402 733 2459 quibus
749 2402 809 2445 ad
826 2402 1047 2446 virtutum
1062 2402 1217 2445 studia
1233 2401 1475 2445 ducuntur.
1522 2400 1538 2427 ³
1553 2402 1596 2443 N
1602 2414 1654 2444 ec
1668 2401 1822 2444 minus
1839 2401 2058 2457 intellego

562 2488 638 2519 me
659 2474 808 2530 vobis,
825 2488 966 2532 quam
983 2488 1065 2517 vos
1083 2473 1197 2517 mihi
1221 2487 1323 2517 esse
1343 2472 1589 2529 jucundos.
1651 2472 1770 2517 *Sed
1790 2473 1973 2525 videtis,
1988 2473 2055 2518 ⁵ut

565 2556 778 2592 senectus
801 2561 895 2591 non
923 2547 1064 2591 modo
1095 2546 1317 2603 languida
1349 2554 1489 2603 atque
1515 2545 1638 2590 iners
1670 2560 1766 2589 non
1799 2546 1873 2601 sit,
1893 2560 2055 2590 verum

564 2621 707 2666 etiam
736 2621 794 2665 sit
830 2635 1042 2678 operosa,
1064 2628 1109 2665 et
1142 2633 1324 2676 semper
1358 2621 1519 2675 ⁶agens
1562 2619 1734 2676 aliquid
1768 2628 1813 2664 et
1844 2620 2058 2676 moliens,

563 2693 675 2737 ''tale
706 2692 897 2749 scilicet,
930 2693 1066 2750 quale
1098 2692 1320 2749 cujusque
1357 2692 1564 2735 studium
1602 2691 1648 2734 in
1690 2692 1927 2749 superiore
1960 2692 2056 2737 vita

566 2765 665 2810 fuit.
730 2763 891 2822 ⁸Quid,
930 2764 1007 2823 qui
1050 2763 1191 2809 etiam
1231 2764 1479 2808 addiscunt
1514 2764 1707 2820 aliquid,
1743 2772 1793 2808 ut
1836 2764 2057 2809 Solonem

561 2837 790 2882 ⁹versibus
839 2837 1118 2894 gloriantem
1158 2835 1387 2892 videmus,
1428 2836 1505 2894 qui
1554 2850 1604 2880 se
1654 2837 1826 2880 cotidie
1877 2837 2055 2894 aliquid

561 2908 884 2955 addiscentem
914 2923 1076 2955 senem
1112 2908 1211 2954 fieri
1232 2908 1345 2954 dicit
1367 2924 1379 2963 ;
1412 2905 1489 2953 1⁰et
1511 2922 1599 2966 ego
1620 2908 1722 2965 feci,
1745 2909 1823 2967 qui
1848 2910 2055 2954 Graecas
