2420 3304
737 345 862 380 CATO
899 345 1064 380 MAJOR
1101 345 1165 379 DE
1202 342 1507 380 SENECTUTE.
1842 331 1870 379 3

385 470 641 525 effluxisset,
665 467 791 512 nulla
812 466 1133 511 consolatione
1159 465 1444 524 permulcere
1467 472 1626 522 posset
1648 465 1871 510 ¹⁴stultam

387 552 678 591 senectutem.
743 539 762 593 ξ
786 551 821 596 5.
863 539 1094 596 Quocirca
1116 537 1154 582 si
1177 538 1455 596 sapientiam
1479 551 1632 583 meam
1654 537 1872 582 admirari

388 611 921 674 soletis--quae¹utinain
938 612 1080 669 digna
1095 622 1215 657 esset
1231 611 1451 669 opinione
1461 619 1612 656 vestra
1623 620 1873 668 nostroque

388 688 674 746 ²cognomine
697 685 815 730 l--in
847 685 936 729 hoc
970 699 1129 729 sumus
1168 685 1420 742 sapientes,
1462 683 1601 741 quod,
1621 681 1873 728 ”Naturam

390 766 607 822 optimam
638 762 819 816 ducem,
842 771 1081 817 tamquam
1116 760 1270 814 deum,
1297 759 1546 816 sequimur,
1578 759 1711 816 eique
1744 774 1873 816 pare—

392 852 510 881 mus:
535 838 579 878 ⁴a
593 849 682 892 qua
697 847 789 877 non
808 832 901 877 veri
918 832 1066 876 simile
1084 840 1169 885 est,
1182 844 1325 889 quum
1340 839 1520 875 ceterae
1539 840 1693 889 partes
1707 832 1874 877 aetatis

391 911 502 954 bene
524 907 783 963 descriptae
805 906 911 958 sint,
934 914 1189 949 extremum
1221 913 1376 948 actum
1399 913 1637 961 tamquam
1659 905 1719 948 ab
1741 904 1876 949 inerti

394 991 523 1039 poeta
563 993 664 1023 esse
707 976 983 1032 neglectum.
1064 973 1178 1020 ⁶Sed
1216 986 1373 1020 tamen
1415 989 1603 1020 necesse
1646 976 1728 1020 fuit
1771 990 1876 1022 esse

394 1051 560 1110 aliquid
601 1059 869 1103 extremum,
905 1057 965 1102 et,
999 1058 1238 1105 tamquam
1282 1048 1327 1091 in
1370 1048 1586 1091 arborum
1624 1047 1753 1092 bacis
1788 1057 1877 1093 ter·

394 1138 555 1182 raeque
586 1121 823 1176 fructibus,
855 1121 1119 1165 maturitate
1153 1120 1429 1178 tempestiva
1462 1121 1592 1177 quasi
1626 1121 1799 1166 vietum
1833 1130 1878 1167 et

395 1198 631 1250 caducum,
663 1192 789 1251 quod
819 1192 1083 1238 “ferundum
1126 1201 1195 1238 est
1229 1192 1430 1237 molliter
1461 1193 1671 1250 sapienti.
1733 1193 1879 1251 ⁷Quid

396 1278 462 1314 est
501 1268 624 1313 enim
654 1266 780 1311 aliud
820 1265 1075 1321 Gigantum
1110 1265 1251 1309 modo
1289 1264 1461 1309 bellare
1504 1278 1609 1310 curn
1650 1265 1752 1322 Dis,
1787 1265 1879 1310 nisi

397 1351 581 1386 naturae
603 1352 857 1398 repugnare
881 1338 898 1382 ?

451 1427 525 1481 36.
563 1427 797 1470 LAELIUS.
835 1422 1010 1480 ¹Atqui,
1056 1423 1190 1478 Cat0‚
1233 1422 1567 1480 ²gratissimum
1619 1424 1768 1481 nobis,
1810 1424 1879 1470 ³ut

397 1500 530 1545 etiam
546 1513 627 1556 pro
643 1496 859 1554 Scipione
875 1496 1111 1551 pollicear,
1124 1496 1305 1550 feceris,
1319 1495 1371 1551 si,
1386 1496 1606 1552 quoniam
1624 1511 1882 1554 speramus,

399 1572 602 1616 volumus
626 1569 813 1627 quidem
835 1576 975 1621 certe,
1001 1581 1136 1612 senes
1161 1567 1290 1623 ⁴fieri,
1312 1566 1477 1613 ⁵multo
1499 1577 1606 1613 ante
1635 1582 1664 1612 a
1686 1578 1731 1614 te
1761 1569 1882 1615 didi-

398 1642 799 1700 cerimus‚⁶quibus
821 1640 1037 1686 facillime
1060 1640 1316 1685 rationibus
1340 1640 1739 1697 ingravescentem
1756 1652 1882 1688 aeta-

331 1773 336 1777 ·
401 1725 489 1761 tem
509 1717 625 1760 serre
646 1715 891 1772 possimus.

457 1804 605 1847 CATO.
642 1802 830 1846 Faciam
858 1814 982 1856 vero,
1017 1800 1168 1854 Laeli;
1213 1800 1486 1857 praesertim
1516 1800 1553 1845 si
1575 1801 1756 1860 utrique
1782 1817 1883 1849 ves-

400 1884 527 1932 trum,
549 1884 598 1919 ut
621 1875 750 1930 dicis,
772 1873 973 1930 ⁷gratum
996 1874 1199 1919 futurum
1222 1882 1307 1918 est.

457 1964 684 2006 LAELIUS.
716 1960 961 2006 ⁸Volumus
1005 1976 1131 2017 sane,
1171 1960 1278 2006 ”nisi
1322 1962 1570 2006 molestum
1614 1972 1701 2019 est,
1742 1964 1878 2021 Cato,

399 2035 662 2092 ¹⁰tamquam
691 2035 895 2092 aliquam
917 2035 1038 2079 viam
1060 2035 1251 2092 longam
1278 2035 1548 2090 confeceriS,
1570 2050 1711 2094 quam
1743 2037 1881 2081 nobis

402 2122 576 2165 quoque
619 2107 969 2164 ingrediendum
1011 2107 1084 2162 sit,
1116 2107 1251 2162 istuc,
1296 2121 1389 2164 quo
1431 2108 1697 2164 pervenisti,
1727 2108 1885 2154 videre

332 2200 335 2203 >
406 2184 532 2239 quale
554 2183 626 2228 sit.

400 2320 403 2325 ‚
467 2298 635 2357 111.——§
654 2311 691 2353 7.
726 2302 881 2345 CATO.
915 2299 1198 2355 Faciam‚¹ut
1213 2309 1388 2356 potero,
1402 2299 1540 2344 Laeli.
1594 2301 1745 2358 Saepe
1759 2302 1884 2347 enim

335 2374 340 2429 J
407 2371 579 2416 interfui
602 2373 816 2430 querellis
842 2373 1103 2430 aequalium
1135 2374 1558 2429 meorum—²pares
1589 2381 1746 2418 autem
1778 2388 1884 2418 cum

355 2479 359 2485 ,
405 2444 601 2501 paribus,
633 2447 771 2490 veteri
803 2446 1060 2503 proverbio,
1095 2445 1314 2489 facillime
1346 2444 1884 2503 congregantur-—⁸quae

340 2512 341 2515 ’
366 2506 372 2509 ”
409 2515 458 2558 C.
479 2517 716 2571 Salinator,
733 2530 853 2574 quae
873 2518 949 2574 Sp.
969 2516 1182 2571 Albinus,
1198 2516 1411 2561 homines
1434 2517 1719 2572 consulares,
1740 2518 1885 2563 nostri

406 2605 413 2626 s
428 2601 498 2631 ere
513 2588 742 2645 aequales,
762 2589 1003 2646 deplorare
1018 2589 1229 2633 solebant
1249 2603 1260 2641 ;
1281 2587 1398 2633 *tum
1411 2586 1555 2646 ⁶quod
1573 2590 1886 2647 voluptatibus

439 2668 627 2715 arerent,
661 2661 758 2706 sine
780 2661 946 2718 quibus
977 2661 1121 2705 vitam
1153 2661 1329 2705 nullam
1360 2669 1608 2718 putarent3
1639 2670 1740 2707 tum
1762 2663 1887 2720 quod

420 2741 725 2787 pernerentur
744 2734 806 2778 ab
828 2733 909 2790 eis,
929 2748 958 2778 a
979 2734 1145 2791 quibus
1168 2733 1256 2777 coli
1288 2741 1444 2778 essent
1465 2733 1600 2779 soliti.
1662 2735 1755 2792 Qui
1776 2733 1889 2780 mihi

429 2816 517 2847 non
553 2804 599 2849 id
636 2805 913 2850 videbantur
948 2819 1184 2861 accusare,
1224 2806 1350 2863 quod
1392 2814 1515 2851 esset
1553 2807 1881 2854 accusandum.

417 2890 421 2894 ⁴
464 2889 536 2919 am
559 2877 597 2922 si
629 2877 677 2922 id
707 2878 844 2936 culpa
874 2878 1123 2925 senectutis
1157 2877 1406 2935 accideret,
1439 2877 1622 2924 '‘eadem
1649 2878 1766 2924 mihi
1802 2894 1887 2926 usu
