2388 3320
507 273 569 321 20
973 288 1023 322 M.
1062 288 1214 323 'ruma
1250 287 1518 322 cronnoms

502 405 734 452 ¹⁰exerceri
752 390 799 451 in
815 408 1014 453 dicendo
1031 409 1304 454 videbamus
1321 408 1462 452 etiam
1485 422 1645 453 senem
1665 410 1674 453 !
1731 410 1862 466 Quae
1884 418 1992 457 sunt

501 478 638 536 igitur
673 480 926 537 epularum,
957 489 1037 525 aut
1073 480 1302 535 ludorum,
1333 488 1411 524 aut
1445 488 1703 524 scortorum
1732 482 1992 539 voluptates

498 566 604 597 cum
625 552 698 596 his
718 553 1030 609 voluptatibus
1052 551 1427 609 comparandae?
1490 553 1641 609 Atque
1662 553 1779 597 haec
1801 554 1991 611 quidem

500 624 686 670 ¹¹studia
726 625 980 681 doctrinae,
1026 638 1142 681 quae
1194 625 1381 680 quidem
1421 625 1725 681 prudentibus
1777 634 1821 670 et
1872 627 1992 672 bene

498 695 718 743 institutis
746 698 918 754 pariter
945 712 1051 742 curn
1072 706 1225 742 aetate
1246 706 1472 753 crescunt,
1496 696 1580 741 ¹²ut
1606 698 1854 742 honesturn
1877 699 1991 744 illud

504 770 686 815 Solonis
729 771 803 827 sit,
844 771 970 828 quod
1006 771 1070 815 ait
1114 770 1339 814 versiculo
1382 770 1601 827 quodam,
1642 780 1691 816 ut
1733 780 1840 816 ante
1881 772 1993 828 dixi,

501 856 742 887 senescere
777 857 826 887 se
860 843 1004 887 multa
1036 843 1082 886 in
1114 843 1215 887 dies
1247 842 1602 895 addiscentem;
1633 857 1725 900 qua
1756 844 1993 901 voluptate

500 914 643 958 animi
666 915 792 959 nulla
813 923 935 959 certe
957 918 1111 971 potest
1141 928 1243 958 esse
1274 914 1433 971 major.

560 1031 749 1089 XV.—-§
779 1043 845 1087 51.
877 1032 1027 1075 Venio
1044 1045 1167 1075 nunc
1188 1031 1248 1074 ad
1270 1031 1530 1087 voluptates
1552 1031 1870 1087 agricolarum,
1892 1031 1992 1089 qui—

502 1104 587 1148 bus
610 1118 696 1160 ego
719 1103 1049 1148 incredibiliter
1061 1103 1280 1159 delector,
1297 1117 1415 1160 quae
1436 1104 1540 1146 ¹nec
1563 1103 1653 1146 ulla
1676 1103 1992 1160 impediuntur

502 1184 753 1232 senectute,
775 1175 838 1221 ²et
868 1177 981 1219 mihi
1010 1176 1071 1220 ad
1108 1175 1331 1233 sapientis
1364 1175 1508 1220 vitam
1540 1176 1746 1232 proxime
1777 1176 1992 1220 videntur

500 1248 735 1292 accedere.
796 1246 814 1273 ³
828 1248 1015 1292 Habent
1045 1248 1171 1292 enim
1203 1247 1428 1291 rationem
1450 1261 1558 1290 cum
1579 1257 1713 1303 terra,
1736 1262 1854 1305 quae
1875 1262 1991 1292 nun·

501 1334 641 1378 quam
661 1318 860 1365 ⁴recusat
892 1320 1151 1376 imperium,
1172 1334 1256 1363 nec
1289 1333 1496 1376 unquam
1534 1319 1631 1363 sine
1651 1320 1809 1364 ⁵usura
1839 1321 1991 1365 reddit

501 1393 624 1450 quod
657 1392 868 1449 accepit;
900 1392 982 1436 sed
1004 1392 1120 1436 alias
1151 1392 1345 1447 minore,
1366 1392 1637 1449 plerumque
1669 1393 1844 1450 majore
1881 1407 1988 1438 cum

499 1466 698 1510 faenore.
763 1466 1058 1522 Quamquam
1088 1479 1165 1510 me
1186 1465 1376 1522 quidem
1396 1466 1508 1508 “non
1530 1464 1705 1510 fructus
1727 1465 1883 1522 modo,
1905 1466 1988 1511 sed

500 1540 642 1583 etiam
671 1538 815 1595 ipsius
841 1545 987 1582 terrae
1015 1537 1083 1581 vis
1120 1551 1175 1581 ac
1208 1546 1372 1582 natura
1400 1537 1610 1581 delectat.
1672 1535 1823 1595 ''Quae
1845 1552 1988 1596 quum

498 1611 673 1668 gremio
686 1610 865 1654 mollito
881 1624 935 1653 ac
954 1610 1146 1655 subacto
1164 1624 1377 1667 sparsum
1391 1623 1550 1653 semen
1573 1610 1766 1667 excepit,
1788 1611 1988 1668 primum

499 1683 545 1727 id
569 1691 867 1727 occaecatum
899 1682 1201 1727 cohibet—ex
1232 1696 1324 1740 quo
1359 1680 1557 1737 8οσιιαέὶο,
1585 1696 1701 1739 quae
1724 1682 1811 1727 hoc
1834 1683 1989 1740 efficit,

501 1755 739 1799 nominata
775 1753 1091 1799 est—⁹deinde
1123 1755 1405 1812 tepefactum
1438 1769 1609 1814 vapore
1641 1763 1685 1799 et
1719 1770 1987 1814 compressu

500 1843 582 1872 suo
599 1827 817 1872 diffundit
833 1835 877 1872 et
894 1827 1018 1872 elicit
1034 1828 1387 1872 herbescentem
1404 1841 1458 1871 ex
1472 1841 1529 1871 eo
1543 1827 1845 1874 viriditatem:
1868 1843 1989 1886 quae

500 1902 605 1945 nixa
642 1900 769 1944 fibris
808 1900 1019 1957 stripium
1055 1900 1231 1944 sensim
1262 1900 1502 1956 adolescit,
1524 1898 1800 1958 ¹⁰culmoque
1833 1910 1988 1947 erecta

495 1974 757 2031 geniculato
798 1973 976 2029 vaginis
1012 1973 1112 2030 jam
1146 1973 1277 2030 quasi
1315 1972 1576 2029 pubescens
1612 1972 1861 2017 includitur
1880 1989 1891 2027 ς
1929 1971 1988 2018 ¹¹e

497 2047 662 2104 quibus
685 2059 828 2103 quum
849 2045 1050 2100 emersit,
1064 2044 1215 2089 fundit
1234 2044 1411 2100 frugem
1433 2044 1548 2102 spici
1572 2044 1988 2112 ordinestructam,

496 2129 540 2163 et
563 2127 724 2163 contra
745 2118 899 2161 avium
921 2118 1151 2161 minorum
1169 2132 1349 2161 morsus
1367 2118 1570 2161 munitur
1590 2118 1710 2161 vallo
1728 2119 1985 2163 aristarum.

497 2191 519 2245 ἓ
542 2203 608 2248 52.
646 2191 789 2248 ¹Quid
812 2205 898 2246 ego
930 2190 1090 2234 vitium
1120 2199 1262 2243 ortus,
1285 2199 1425 2238 satus,
1452 2190 1752 2246 incrementa,
1784 2205 1987 2236 comme-

497 2278 673 2308 morem
691 2264 707 2307 ?
762 2263 927 2307 Satiari
946 2263 1252 2308 delectatione
1267 2277 1360 2306 non
1384 2261 1663 2320 possum,²ut
1679 2277 1810 2307 meae
1828 2278 1984 2309 senec—

490 2337 600 2382 tutis
624 2336 877 2394 requietem
898 2335 1383 2392 oblectamentumque
1405 2334 1621 2379 noscatis.
1657 2335 1836 2380 Omitto
1858 2336 1983 2380 enim

497 2411 591 2453 vim
614 2409 763 2467 ipsam
785 2407 992 2451 omnium
1014 2422 1133 2465 quae
1164 2417 1443 2464 generantur
1473 2422 1500 2452 e
1522 2416 1655 2463 terra,
1676 2405 1815 2466 ³quae
1835 2422 1891 2453 ex
1913 2408 1986 2452 fici

493 2481 670 2527 tantulo
709 2493 856 2537 grano
896 2488 974 2523 aut
1016 2494 1070 2523 ex
1101 2480 1223 2523 acini
1264 2480 1471 2536 vinaceo,
1512 2488 1592 2525 aut
1631 2495 1687 2525 ex
1728 2489 1984 2526 ceterarum

492 2554 673 2611 frugum
694 2567 749 2596 ac
772 2551 983 2609 stripium
1004 2552 1327 2596 minutissimis
1350 2552 1604 2597 seminibus
1618 2561 1774 2598 tantos
1796 2562 1983 2598 truncos

493 2638 739 2682 ramosque
769 2631 992 2681 procreet.
1052 2623 1303 2677 ⁴Malleoli,
1323 2624 1524 2682 plantae,
1549 2624 1983 2681 sarmenta,'vivira-

494 2697 638 2752 diceS,
687 2695 981 2754 propagines,
1020 2697 1195 2740 ⁶nonne
1245 2695 1466 2753 efficiunt,
1513 2705 1563 2742 ut
1614 2697 1825 2754 quemvis
1876 2711 1982 2742 cum

491 2769 800 2821 admiratione
817 2768 1045 2813 delectent
1063 2768 1081 2812 ?
1141 2768 1261 2813 Vitis
1279 2768 1469 2826 quidem
1486 2782 1605 2826 quae
1625 2777 1791 2813 natura
1807 2769 1985 2814 caduca

492 2851 562 2890 est
584 2850 645 2899 et,
658 2840 767 2886 ⁶nisi
789 2841 903 2887 fulta
919 2849 1004 2899 est,
1020 2841 1081 2887 ad
1098 2849 1269 2888 terram
1284 2841 1449 2887 fertur:
1474 2838 1744 2899 eadem,‘''ut
1762 2856 1811 2888 se
1827 2842 1987 2900 erigat,
