2460 3336
329 2866 335 2942 ἱ

331 2946 333 2956 ι

331 2968 334 2987 l

770 340 898 376 ouo
933 339 1098 376 namn
1132 339 1202 375 m:
1236 338 1540 376 suune-rum.
1838 331 1900 383 17

417 477 522 509 vero
541 470 587 509 et
612 461 780 506 Flacco
797 462 1068 520 neutiquam
1088 460 1273 520 probari
1304 460 1455 519 potuit
1486 469 1582 507 tam
1604 461 1833 521 flagitiosa
1853 476 1902 514 et

418 545 510 581 tam
532 534 707 592 perdita
729 534 890 590 libido,
907 531 1059 592 ¹²quae
1081 547 1187 578 cum
1210 533 1378 591 probro
1400 533 1579 591 privato
1601 537 1903 597 conjungeret

423 608 578 666 imperi
603 606 821 652 dedecus.

476 749 699 807 X111.—§
733 762 803 806 43.
840 751 989 807 Saepe
1026 750 1180 794 audivi
1213 747 1259 793 ¹a
1293 749 1546 806 majoribus
1583 760 1709 808 natu,
1740 754 1816 811 qui
1850 768 1902 799 se

420 838 549 884 porro
571 837 736 881 pueros
767 837 795 867 a
818 823 1006 868 senibus
1037 823 1223 866 audisse
1246 821 1479 869 dicebant.
1502 822 1673 868 ²mirari
1711 826 1901 871 solitum

420 897 468 942 C.
503 894 763 939 Fabricium
800 895 942 953 quod.
963 908 1105 952 quum
1126 894 1250 950 apud
1283 907 1439 950 regem
1464 894 1688 950 Pyrrhum
1720 896 1901 953 legatus

419 977 553 1023 esset,
578 968 781 1012 audisset
804 983 831 1012 a
855 967 1083 1011 Thessalo
1105 968 1251 1011 Cinea
1281 981 1385 1011 esse
1415 963 1670 1024 ³quendam
1688 969 1902 1026 Athenis,

421 1041 494 1098 qui
518 1054 565 1084 se
581 1040 853 1097 ⁴sapientem
877 1039 1179 1097 profiteretur,
1202 1053 1400 1096 eumque
1422 1039 1576 1083 dicere
1592 1036 1767 1085 ⁶omnia
1783 1056 1905 1100 quae

422 1111 671 1156 faceremus
713 1111 774 1155 ad
805 1111 1090 1168 voluptatem
1126 1125 1230 1155 esse
1272 1110 1544 1155 reserenda:
1586 1108 1728 1169 ‘quod
1761 1127 1816 1158 ex
1847 1128 1905 1159 eo

420 1185 655 1228 audientes
691 1183 765 1227 M’.
793 1184 983 1227 Curium
1011 1192 1055 1228 et
1078 1184 1149 1228 Ti.
1176 1179 1521 1228 Coruncanium
1558 1193 1718 1241 optare
1741 1186 1903 1231 solitos

419 1256 482 1300 '‘ut
493 1257 537 1300 id
549 1255 831 1300 Samnitibus
842 1256 1021 1314 ipsique
1034 1257 1208 1313 Pyrrho
1219 1255 1583 1313 persuaderetur,
1595 1253 1705 1314 ⁸quo
1721 1258 1903 1303 facilius

421 1329 537 1373 vinci
567 1337 756 1386 possent
784 1343 927 1387 quum
960 1344 1008 1373 se
1040 1329 1354 1386 voluptatibus
1386 1328 1639 1374 dedissent.
1713 1330 1904 1376 Vixerat

426 1400 499 1443 M'.
520 1400 681 1444 Curius
702 1414 809 1444 cum
824 1399 893 1443 ⁹1³.
917 1400 1079 1456 Decio,
1096 1400 1172 1458 qui
1196 1399 1514 1457 quinquennio
1536 1408 1645 1445 ante
1665 1414 1772 1445 eum
1794 1415 1905 1446 con-

424 1473 564 1516 sulem
579 1486 627 1516 se
644 1486 726 1528 pro
741 1473 976 1530 republica
985 1481 1149 1530 quarto
1166 1472 1408 1517 consulatu
1424 1472 1684 1518 devoverat.
1717 1471 1798 1517 ¹⁰N
1803 1481 1905 1519 orat

423 1545 614 1589 eundem
640 1545 893 1601 Fabricius,
915 1554 1047 1590 norat
1082 1544 1401 1589 Coruncanius
1424 1559 1433 1588 z
1467 1543 1545 1601 qui
1568 1558 1710 1602 quum
1741 1558 1798 1590 ex
1819 1559 1904 1590 sua

426 1617 530 1672 vita,
554 1626 651 1661 tum
682 1632 736 1662 ex
767 1618 866 1674 ejus
898 1632 1036 1675 quem
1069 1618 1174 1661 dico
1215 1618 1262 1660 P.
1297 1616 1429 1661 Decii
1462 1616 1601 1673 facto,
1628 1617 1904 1674 judicabant

427 1687 557 1733 ¹¹esse
578 1690 782 1746 profecto
804 1690 978 1748 aliquid
1002 1699 1164 1735 natura
1182 1690 1426 1747 pulchrum
1447 1697 1588 1746 atque
1604 1690 1909 1747 praeclarum,

427 1761 545 1817 quod
567 1775 648 1805 sua
670 1770 835 1819 sponte
851 1770 1097 1819 peteretur,
1112 1759 1380 1819 ¹²quodque,
1396 1768 1551 1819 spreta
1572 1769 1616 1806 et
1639 1770 1909 1820 contempta

425 1834 667 1891 voluptate,
696 1835 898 1892 optimus
930 1834 1126 1892 quisque
1157 1846 1438 1892 sequeretur.
1502 1831 1524 1891 ξ
1549 1845 1619 1888 44.
1651 1832 1906 1892 ¹Quorsum

424 1905 555 1961 igitur
574 1915 669 1950 tam
690 1908 835 1951 multa
855 1908 913 1952 de
932 1907 1198 1964 voluptate?
1228 1907 1337 1964 quia
1358 1901 1453 1951 nOn
1469 1906 1611 1951 modo
1632 1907 1908 1964 vituperatio

423 1978 558 2033 nulla,
596 1979 678 2023 sed
719 1980 860 2024 etiam
903 1994 1085 2023 summa
1125 1980 1227 2023 laus
1271 1978 1521 2024 senectutis
1564 1987 1649 2035 est,
1690 1979 1817 2037 quod
1848 1992 1905 2025 ea

427 2050 678 2106 voluptates
703 2052 853 2096 nullas
876 2066 1158 2109 magnopere
1180 2051 1431 2096 desiderat.

481 2136 541 2179 At
571 2145 695 2180 caret
735 2138 882 2195 epulis
917 2138 1270 2195 ²exstructisque
1302 2137 1476 2182 mensis
1507 2146 1552 2183 et
1585 2137 1902 2196 frequentibus

426 2207 610 2262 poculis.
699 2209 834 2254 Caret
876 2224 985 2266 ergo
1027 2210 1167 2253 etiam
1208 2209 1463 2254 vinulentia
1504 2217 1549 2253 et
1592 2209 1817 2257 cruditate
1859 2217 1904 2254 et

424 2276 689 2324 ³insomniis.
753 2282 845 2327 Sed
865 2283 903 2326 si
925 2281 1100 2339 aliquid
1115 2281 1323 2325 dandum
1340 2289 1410 2326 est
1427 2281 1665 2339 voluptati,
1682 2281 1905 2339 quoniam

427 2350 520 2407 ejus
540 2353 775 2399 blanditiis
807 2369 901 2398 non
923 2354 1057 2398 facile
1089 2354 1592 2399 obsistimus-·-⁴divine
1623 2355 1748 2399 enim
1773 2355 1905 2400 Plato

427 2436 561 2466 escam
591 2425 813 2469 malorum
852 2427 1135 2483 voluptatem
1167 2427 1387 2483 appellat,
1425 2425 1570 2483 ⁶quod
1601 2440 1657 2471 ea
1691 2426 1907 2472 videlicet

427 2492 630 2539 homines
667 2498 921 2554 capiantur,
952 2507 1001 2542 ut
1035 2498 1174 2542 hamo
1210 2498 1707 2555 pisces—quamquam
1741 2498 1905 2543 immo-

428 2565 590 2612 deratis
630 2570 777 2626 epulis
819 2580 945 2617 caret
982 2580 1210 2627 senectus,
1252 2571 1449 2616 modicis
1492 2579 1648 2616 tamen
1680 2570 1905 2616 conviviis

428 2638 636 2686 delectari
677 2652 843 2700 potest.
908 2646 958 2690 C.
1001 2646 1250 2701 Duellium,
1290 2646 1355 2690 M.
1389 2644 1549 2699 filium,
1583 2641 1679 2702 ⁸qui
1725 2645 1906 2690 Poenos

426 2711 566 2758 classe
587 2716 759 2771 primus
786 2718 1034 2772 devicerat,
1064 2719 1335 2763 redeuntem
1365 2732 1394 2762 a
1424 2732 1540 2763 cena
1572 2731 1731 2762 senem
1763 2730 1905 2775 saepe

431 2783 636 2830 videbam
653 2802 766 2845 puer
779 2805 790 2843 3
812 2790 1130 2836 delectabatur
1143 2791 1323 2836 'crebro
1338 2790 1482 2835 funali
1499 2798 1544 2835 et
1559 2788 1908 2847 tibicine,⁸quae

434 2855 514 2900 sibi
535 2859 656 2903 nullo
687 2862 899 2920 exemplo
929 2862 1136 2921 privatus
1168 2871 1428 2921 sumpserat
1456 2877 1465 2907 ι
1496 2870 1679 2908 tantum
1697 2861 1912 2908 licentiae

639 2932 667 2972 2
1679 2949 1685 2954 .
