2436 3368
1909 401 1937 448 7

804 413 933 450 CATO
968 413 1136 447 MAJOR
1170 414 1240 448 DE
1276 413 1577 452 SENECTUTE.

509 539 530 592 ὅ
557 548 618 594 15.
651 536 1051 593 ¹Etenim‚²quum
1068 535 1350 592 complector
1366 535 1538 590 animo,
1547 535 1726 591 reperio
1743 542 1942 592 quatuor

449 624 626 666 causas,
646 607 745 653 ⁸cur
758 617 971 653 senectus
985 607 1156 652 misera
1177 607 1387 651 videatur
1410 622 1418 651 :
1442 606 1616 662 ⁴unam,
1635 606 1758 663 quod
1777 614 1939 651 avocet

450 698 477 728 a
498 684 632 728 rebus
654 681 871 739 gerendis
891 696 901 734 ;
933 681 1141 735 alteram,
1162 679 1288 737 quod
1311 693 1476 737 corpus
1498 679 1637 724 faciat
1658 679 1904 723 ⁵infirmius
1928 695 1938 732 3

447 755 640 810 tertiam,
663 753 787 811 quod
809 753 956 808 privet
977 752 1194 797 omnibus
1211 752 1306 797 fere
1322 752 1635 809 voluptatibus
1659 768 1668 804 3
1700 760 1933 809 quartam,

446 825 569 883 quod
599 823 724 868 haud
754 824 915 881 procul
944 824 1068 868 absit
1089 838 1117 867 a
1139 832 1301 868 morte.
1368 824 1556 880 Earum,
1580 823 1619 867 si
1642 824 1809 880 placet,
1832 836 1938 867 cau-

449 912 601 943 sarum
622 905 796 955 quanta
816 911 1050 954 quamque
1080 896 1138 940 sit
1162 897 1291 954 justa
1316 910 1408 940 una
1436 910 1647 953 quaeque
1676 896 1930 940 videamus.

507 1016 697 1059 V1.--A
734 1014 869 1058 rebus
900 1013 1116 1070 gerendis
1145 1022 1359 1058 senectus
1379 1012 1640 1057 ⁶abst1·ahit.
1702 1013 1902 1070 ⁷Quibus
1921 1013 1938 1057 Ρ

450 1089 540 1131 8An
572 1087 651 1142 eis,
684 1101 802 1144 quae
832 1095 1053 1143 geruntur
1079 1086 1321 1143 juventute
1352 1095 1395 1130 et
1429 1086 1638 1130 viribus?
1708 1085 1937 1130 Nullaene

450 1160 583 1216 igitur
593 1160 682 1204 ⁹res
698 1167 803 1203 sunt
820 1160 1004 1214 seniles,
1019 1173 1155 1216 quae,
1169 1159 1241 1203 vel
1258 1158 1453 1203 infirmis
1476 1159 1759 1216 corporibus,
1777 1159 1937 1203 animo

449 1244 601 1279 tamen
631 1232 1039 1276 administrentur?
1105 1232 1233 1275 Nihil
1256 1246 1365 1288 ergo
1387 1233 1553 1288 agebat
1578 1234 1634 1289 Q.
1673 1232 1937 1276 Maximus?

452 1306 579 1349 Nihil
606 1306 650 1349 L.
677 1305 861 1360 Paulus,
882 1301 1047 1361 ¹⁰pater
1069 1313 1189 1360 tuuS‚
1213 1305 1385 1362 Scipio,
1407 1319 1538 1348 socer
1560 1305 1724 1361 optimi
1749 1305 1851 1360 viri,
1873 1304 1936 1349 fili

449 1378 570 1422 mei?
631 1377 783 1421 Ceteri
806 1391 958 1431 senez,
989 1375 1019 1402 ¹¹
1031 1377 1248 1432 Fabricii,
1273 1377 1412 1432 Curii,
1441 1378 1735 1432 Coruncanii,
1758 1377 1936 1434 ¹²quum

447 1450 777 1506 rempublicam
816 1448 1010 1492 consilio
1042 1457 1088 1492 et
1131 1449 1404 1493 auctoritate
1447 1448 1775 1505 defendebant,
1819 1450 1935 1493 nihil

450 1523 679 1578 agebant?
754 1519 775 1578 ξ
806 1521 867 1565 16.
902 1521 979 1564 Ad
1000 1521 1125 1578 Appi
1150 1522 1314 1566 Claudi
1348 1530 1634 1566 senectutem
1663 1522 1935 1567 ¹accedebat

450 1596 587 1639 etiam
607 1603 654 1638 ut
676 1608 842 1638 caecus
864 1602 987 1637 esset
1009 1610 1017 1638 :
1049 1603 1206 1638 tamen
1235 1594 1290 1650 is,
1314 1608 1456 1651 quum
1478 1595 1725 1638 ²sententia
1747 1604 1937 1639 senatus

451 1667 685 1712 inclinaret
701 1667 761 1710 ad
779 1681 943 1723 pacem
961 1676 1004 1711 et
1021 1667 1184 1712 foedus
1206 1667 1471 1711 faciendum
1490 1681 1594 1710 cum
1616 1668 1807 1723 Pyrrho,
1823 1665 1934 1711 ⁸non

451 1738 672 1783 dubitavit
688 1738 840 1783 dicere
863 1740 955 1794 illa,
977 1753 1094 1795 quae
1111 1738 1339 1782 ⁴versibus
1357 1747 1624 1794 persecutus
1642 1747 1712 1783 est
1731 1739 1936 1782 Ennius:

622 1838 736 1895 ⁵Quo
757 1840 872 1884 vobis
892 1844 1070 1895 mentes,
1096 1842 1236 1883 rectae
1258 1853 1371 1896 quae
1391 1842 1508 1883 stare
1528 1840 1725 1883 solebant

622 1912 842 1968 Antehac,
865 1913 1081 1957 dementes
1101 1926 1187 1955 sese
1208 1911 1373 1967 flexere
1394 1912 1486 1954 viai
1505 1910 1527 1955 ,9

450 2022 686 2070 ceteraque
706 2012 979 2069 gravissime
1002 2028 1012 2064 ;
1044 2019 1206 2055 notum
1227 2012 1351 2056 enim
1376 2012 1507 2055 vobis
1540 2025 1727 2055 carmen
1750 2020 1818 2056 est
1847 2027 1856 2055 :
1890 2021 1935 2057 et

452 2093 603 2129 tamen
644 2086 787 2142 ipsius
810 2085 931 2142 Appi
962 2083 1129 2130 “exstat
1162 2085 1319 2128 oratio.
1385 2086 1538 2141 Atque
1574 2084 1707 2128 ⁷haec
1732 2085 1806 2129 ille
1838 2085 1932 2141 egit

454 2164 626 2211 septem
647 2163 690 2199 et
722 2155 884 2199 decem
915 2169 1064 2199 annos
1093 2162 1200 2211 post
1229 2155 1424 2198 alterum
1458 2156 1767 2210 consulatum,
1790 2170 1935 2212 quum

452 2227 582 2271 Sinter
617 2228 733 2271 duos
766 2228 1033 2271 consulatus
1069 2226 1180 2271 anni
1202 2226 1366 2270 decem
1388 2226 1719 2283 interfuissent,
1751 2242 1938 2272 censor-

380 2293 386 2301 *
453 2313 535 2355 que
556 2309 662 2343 ante
684 2300 975 2344 consulatum
996 2299 1299 2357 ⁹superiorem
1321 2299 1494 2343 fuisset.
1559 2298 1665 2343 ¹⁰Ex
1688 2315 1779 2357 quo
1803 2302 1936 2345 intel-

455 2370 611 2427 legitur
634 2372 794 2429 Pyrrhi
826 2372 947 2417 bello
978 2373 1206 2428 grandem
1237 2386 1351 2416 sane
1377 2372 1549 2425 fuisse;
1581 2374 1657 2417 ¹¹et
1681 2382 1837 2417 tamen
1872 2376 1937 2418 sic

453 2458 478 2487 a
508 2445 712 2500 patribus
743 2444 1023 2501 accepimus.
1092 2443 1114 2502 ξ
1148 2455 1209 2498 ι7.
1242 2442 1400 2487 ¹Nihil
1434 2445 1570 2501 igitur
1599 2446 1813 2498 afferunt,
1842 2447 1937 2503 ²qui

454 2516 497 2559 in
528 2532 573 2561 re
615 2518 818 2573 gerenda
858 2517 1030 2562 versari
1072 2525 1361 2562 senectutem
1404 2528 1607 2573 negant;
1649 2519 1937 2576 ³similesque

453 2599 567 2646 sunt,
604 2600 651 2635 ut
688 2592 724 2634 si
761 2592 839 2648 qui
875 2592 1233 2648 gubernatorem
1269 2591 1313 2634 in
1350 2592 1614 2647 navigando
1651 2592 1766 2635 nihil
1799 2607 1938 2649 agere

453 2661 619 2718 dicant,
649 2662 806 2720 ⁴·quum
849 2664 922 2708 alii
966 2665 1112 2708 malos
1146 2665 1391 2720 scandant,
1427 2665 1502 2707 alii
1548 2679 1627 2721 per
1668 2665 1793 2708 foros
1835 2680 1938 2709 cur-

390 2741 398 2749 ·
454 2745 564 2790 sent,
584 2736 660 2779 alii
691 2737 919 2780 sentinam
951 2738 1238 2792 exhauriant,
1261 2738 1335 2781 ille
1369 2737 1550 2781 clavum
1583 2746 1746 2781 tenens
1780 2738 1940 2782 sedeat

452 2805 496 2849 in
517 2808 655 2864 puppi
678 2809 871 2865 quietus.
931 2806 1001 2872 ⁵N
1009 2823 1069 2852 on
1090 2809 1201 2854 facit
1224 2822 1292 2863 ea,
1313 2822 1435 2866 quae
1451 2809 1657 2866 juvenes.
1721 2808 1800 2853 ⁶At
1825 2824 1937 2854 vero

452 2880 590 2924 multo
620 2882 794 2939 majora
815 2891 860 2927 et
891 2883 1081 2928 meliora
1106 2883 1229 2927 facit.
1297 2884 1407 2927 Non
1439 2884 1625 2939 viribus,
1648 2894 1726 2929 aut
1749 2883 1939 2928 ⁷veloci-

400 2956 408 2960 ’
451 2960 554 3009 tate,
583 2963 661 2999 aut
697 2955 929 3001 celeritate
961 2969 1223 3013 corporum,
1254 2970 1324 3001 res
1357 2969 1555 3013 magnae
1585 2965 1820 3013 geruntur,
1854 2958 1937 3002 sed
