2412 3304
673 271 702 318 2
1143 283 1178 317 Μ
1233 281 1381 316 'ruma
1419 282 1686 317 monemus

668 405 814 449 ¹⁰satis
846 404 985 460 digne
1017 403 1184 458 poterit
1216 402 1525 461 philosophia,
1555 401 1661 447 ¹¹cui
1699 402 1776 460 qui
1810 411 1986 460 pareat,
2021 417 2160 449 omne

670 487 854 535 tempus
878 477 1043 521 aetatis
1072 476 1170 521 sine
1202 476 1416 520 molestia
1447 475 1593 533 possit
1626 476 1806 532 degere.
1869 476 1889 530 Ξ
1912 489 1949 533 3.
1987 477 2079 521 Sed
2102 476 2162 521 de

672 551 854 596 ¹ceteris
877 551 939 595 ²et
960 549 1163 593 diximus
1184 549 1344 604 multa,
1358 559 1402 593 et
1418 563 1555 605 saepe
1572 549 1806 594 dicemus:
1834 548 1975 593 ”hunc
1993 549 2162 594 librum

672 625 726 669 de
747 626 990 669 Senectute
1010 624 1071 667 ad
1104 632 1148 667 te
1180 622 1404 667 misimus.
1471 624 1672 666 Omnem
1705 632 1861 668 autem
1881 621 2163 668 ⁴sermonem

673 697 919 743 tribuimus
934 710 1026 740 non
1041 694 1281 750 ⁵Tithono‚
1298 704 1346 740 ut
1368 695 1520 740 Aristo
1540 696 1679 750 Ceus,
1694 694 1876 753 “parurn
1898 696 2023 740 enim
2039 705 2165 740 esset

673 770 961 814 auctoritatis
985 769 1031 812 in
1048 769 1235 821 fabula3
1270 768 1351 812 sed
1372 766 1458 812 ⁷M.
1491 769 1657 812 Catoni
1682 768 1797 823 seni,
1825 782 1916 825 quo
1939 769 2164 825 majorem

674 843 999 887 auctoritatem
1040 842 1233 886 haberet
1275 841 1423 885 oratio
1446 855 1454 885 ε
1490 839 1633 898 ⁸apud
1674 855 1814 898 quem
1858 840 2086 885 ⁹Laelium
2119 850 2164 886 et

677 914 945 972 Scipionem
966 914 1163 958 facimus
1185 913 1471 957 admirantes
1492 911 1650 970 1⁰quod
1673 913 1712 956 is
1734 922 1831 957 tam
1852 913 1985 957 facile
2008 927 2168 958 senec-
2235 968 2238 972 ⁴

674 996 819 1033 tutem
841 987 972 1042 ferat,
986 986 1146 1043 eisque
1168 1000 1275 1030 eum
1298 985 1669 1042 respondentem.
1735 986 1826 1042 Qui
1851 986 1887 1029 si
1909 984 2167 1031 ueruditius
2252 978 2255 981 ³

675 1059 908 1104 videbitur
940 1059 1177 1116 disputare
1219 1072 1360 1115 quam
1396 1058 1635 1102 consuevit
1674 1059 1773 1115 ipse
1807 1058 1853 1102 in
1891 1059 1986 1103 suis
2022 1059 2169 1114 libris,

673 1132 943 1177 ¹⁴²attribuito
985 1131 1151 1175 litteris
1194 1130 1403 1186 Graecis,
1445 1144 1641 1187 quarum
1685 1139 1868 1176 constat
1919 1145 2025 1175 eum
2066 1145 2169 1188 per-

674 1205 936 1250 studiosum
956 1203 1100 1248 fuisse
1118 1203 1165 1247 in
1188 1210 1439 1247 senectute.
1499 1203 1588 1247 Sed
1606 1202 1752 1261 ¹³quid
1768 1218 1885 1261 opus
1908 1212 1979 1249 est
2001 1205 2134 1261 plura
2153 1205 2169 1249 ?
2230 1227 2231 1230 ¹

672 1280 779 1336 Jarn
793 1278 919 1324 enim
936 1277 1082 1336 ipsius
1101 1277 1294 1322 Catonis
1312 1291 1464 1323 sermo
1486 1278 1734 1335 explicabit
1752 1286 1961 1322 nostram
1979 1285 2165 1324 omne'rn
2227 1287 2229 1289 ’

677 1352 736 1396 de
758 1359 997 1397 senectute
1020 1350 1314 1394 sententiam.
2226 1341 2228 1344 ’

738 1468 887 1527 11.-—§
908 1481 948 1524 4.
984 1470 1172 1513 SCIPIO.
1204 1467 1376 1524 ¹Saepe
1408 1481 1601 1512 numero
1635 1467 1855 1511 admirari
1891 1468 2019 1513 soleo
2059 1482 2167 1513 cum
2222 1457 2223 1460 ¹

677 1543 766 1586 hoc
799 1543 848 1587 C.
876 1542 1032 1586 Laelio
1053 1540 1214 1598 ²quum
1235 1548 1493 1585 ceterarum
1514 1555 1667 1585 rerum
1695 1549 1825 1585 tuam
1846 1541 2165 1597 excellentem,
2224 1579 2230 1587 „

683 1615 747 1658 M.
770 1615 902 1670 Cato,
924 1613 1270 1671 perfectamque
1292 1612 1585 1669 sapientiam,
1605 1621 1704 1657 tum
1726 1614 1798 1658 vel
1819 1615 2019 1658 maxime
2041 1616 2166 1673 quod

678 1701 919 1745 nunquam
946 1693 1235 1730 senectutem
1280 1684 1363 1729 tibi
1394 1699 1583 1741 gravem
1619 1700 1722 1731 esse
1759 1688 2016 1731 senserim:
2048 1702 2168 1744 quae

676 1759 927 1817 3plerisque
948 1758 1137 1803 senibus
1160 1758 1226 1802 sic
1244 1757 1406 1801 odiosa
1423 1766 1510 1813 est,
1528 1756 1594 1802 ⁴ut
1617 1772 1734 1802 onus
1752 1773 1802 1803 se
1817 1760 1969 1803 Aetna
1983 1759 2169 1816 gravius
2221 1798 2227 1809 ,

681 1830 840 1875 dicant
863 1829 1107 1874 sustinere.

740 1948 897 1991 CATO.
932 1948 1052 1991 Rem
1071 1944 1215 1990 ⁵haud
1239 1959 1350 1990 sane
1371 1945 1624 2003 difficilem,
1652 1947 1809 2004 Scipio
1841 1955 1885 1991 et
1921 1949 2063 2004 Laeli,
2088 1950 2167 1992 ad·
2213 1934 2217 1951 *⁵

682 2020 838 2063 mirari
870 2019 1122 2065 videmini:
1152 2017 1338 2076 “quibus
1370 2020 1496 2063 enim
1526 2020 1640 2063 nihil
1662 2021 1763 2078 opis
1795 2028 1865 2065 est
1887 2021 1934 2064 in
1966 2020 2077 2077 ipsis
2109 2022 2166 2065 ad

682 2093 800 2136 bene
823 2093 1051 2149 beateque
1073 2092 1337 2149 vivendum,
1357 2092 1425 2137 eis
1448 2093 1598 2136 omnis
1621 2101 1749 2137 aetas
1770 2093 1923 2149 gravis
1946 2101 2039 2137 est:
2073 2092 2167 2150 ⁷qui

683 2173 838 2209 autem
860 2164 1019 2209 omnia
1030 2164 1155 2208 bona
1175 2180 1203 2209 a
1226 2179 1276 2209 se
1292 2165 1379 2222 ipsi
1403 2173 1582 2222 petunt,
1599 2165 1665 2209 eis
1688 2165 1803 2208 nihil
1821 2173 1974 2222 potest
1995 2166 2166 2209 malum

684 2237 846 2292 videri,
871 2237 996 2294 quod
1028 2245 1219 2281 naturae
1251 2238 1505 2283 necessitas
1536 2237 1710 2281 afferat.
1772 2234 1896 2294 ⁸Quo
1933 2238 1980 2281 in
2001 2253 2167 2295 genere

683 2310 730 2353 in
770 2310 931 2366 primis
972 2318 1044 2354 est
1086 2319 1315 2366 senectus,
1357 2324 1498 2367 quam
1538 2318 1588 2354 ut
1628 2307 1964 2367 ⁹adipiscantur
2005 2325 2164 2356 omnes

685 2389 863 2438 optant,
884 2381 1085 2425 eandem
1099 2391 1321 2426 accusant
1343 2382 1563 2440 adeptam
1584 2399 1593 2427 ε
1625 2390 1756 2426 tanta
1772 2391 1842 2426 est
1859 2383 2166 2428 inconstantia

685 2454 906 2498 stultitiae
926 2461 1068 2510 atque
1083 2454 1372 2511 perversitas.
1438 2455 1675 2511 Obrepere
1706 2452 1869 2499 ¹⁰aiunt
1900 2469 2005 2499 eam
2036 2455 2166 2500 citius
2198 2461 2200 2463 ’

685 2540 826 2584 quam
839 2534 1096 2583 putassent.
1146 2524 1403 2582 ¹¹Pr1n1um,
1412 2527 1514 2585 quis
1532 2527 1683 2584 coegit
1701 2542 1780 2571 eos
1798 2527 1967 2572 falsum
1983 2527 2165 2584 putare?

688 2600 778 2656 Qui
799 2599 926 2644 enim
956 2599 1093 2643 citius
1113 2599 1491 2644 1²adu1escentiae
1523 2608 1756 2654 senectus,
1788 2614 1929 2658 quam
1950 2601 2164 2658 pueritiae
2196 2598 2198 2600 ’

685 2670 1003 2716 adulescentia
1019 2671 1231 2729 obrepit?
1294 2671 1493 2727 Deinde,
1513 2672 1592 2729 qui
1614 2672 1768 2717 minus
1788 2673 1940 2729 gravis
1962 2682 2086 2718 esset
2108 2672 2163 2717 eis

686 2751 913 2793 senectus,
940 2743 978 2787 si
1000 2743 1439 2800 octingentesimum
1458 2758 1633 2788 annum
1649 2752 1853 2800 agerent,
1875 2759 2016 2803 quam
2037 2745 2076 2790 si
2099 2758 2163 2789 oc·

684 2814 996 2873 togesimum?
1029 2815 1282 2861 Praeterita
1297 2816 1422 2861 enim
1438 2824 1582 2872 aetas,
1598 2815 1845 2874 ¹³quamvis
1862 2816 2017 2874 longa,
2029 2830 2161 2876 quum
