2436 3352
741 347 866 380 CATO
904 346 1068 379 MAJOR
1105 347 1171 379 DE
1208 347 1511 381 SENECTUTE.
1840 337 1868 381 5

390 489 495 521 tum.
555 472 711 514 ⁵Anno
734 468 858 513 enim
881 476 985 525 post
1017 468 1181 511 consul
1203 468 1402 525 primum
1425 469 1572 513 fuerat
1609 483 1751 526 quam
1785 483 1870 525 ego

391 556 520 592 uatus
553 558 670 596 sum,
694 543 912 597 ‘eumque
945 554 1000 583 eo
1031 548 1247 597 quartum
1274 543 1462 586 consule
1495 541 1872 586 adulescentulus

394 620 519 664 miles
552 616 779 673 profectus
811 628 912 656 sum
936 613 993 656 ad
1020 614 1245 670 Capuam,
1268 615 1520 672 quintoque
1542 629 1665 658 anno
1687 624 1791 671 post
1813 616 1871 659 ad

394 695 652 736 Tarentum.
708 688 937 743 Quaestor
954 686 1123 730 deinde
1146 687 1448 743 quadriennio
1463 695 1569 744 post
1590 688 1739 731 factus
1757 701 1875 741 sum,

398 777 528 821 quem
550 760 868 814 magistratum
883 758 1005 813 gessi
1023 759 1308 802 ⁷eonsulibus
1327 759 1561 803 Tuditano
1583 769 1628 804 et
1652 760 1876 816 Cethego,

329 851 345 881 :²
395 839 547 894 '³quum
579 832 765 890 quidem
789 832 864 875 ille
887 831 1140 875 admodum
1172 846 1311 876 senex
1349 848 1509 877 suasor
1538 834 1652 889 legis
1687 833 1877 878 Cinciae

397 909 443 951 (le
487 905 625 948 Donis
665 906 704 945 et
742 901 1011 945 Muneribus
1050 902 1146 947 fuit.
1215 903 1305 946 Hic
1338 912 1383 948 et
1416 904 1539 948 bella
1570 905 1775 959 gerebat,
1809 904 1877 949 ⁹ut

399 977 875 1031 adulescens,10quum
897 975 1034 1030 plane
1065 974 1254 1029 grandis
1287 984 1424 1030 esset,
1446 974 1524 1019 uet
1561 977 1876 1021 Hannibalem

394 1046 975 1108 juveniliterexsultantem
1009 1045 1234 1102 patientia
1268 1061 1352 1090 sua
1388 1047 1659 1092 molliebat:
1693 1048 1752 1091 de
1784 1062 1877 1104 quo

399 1122 623 1180 praeclare
643 1118 881 1162 familiaris
905 1127 1062 1162 noster
1086 1119 1268 1163 Ennius
1292 1136 1302 1164 ε

517 1233 642 1276 Unus
663 1232 788 1274 homo
810 1230 935 1274 nobis
956 1232 1242 1275 ¹2czmctand0
1258 1233 1456 1276 restituit
1475 1246 1599 1285 rem5

506 1303 746 1346 ¹³Noenum
768 1301 999 1345 “rumore-s·
1015 1303 1210 1358 ponebat
1232 1307 1335 1347 ante
1356 1304 1545 1348 salutem
1561 1319 1575 1348 .·

508 1376 624 1432 Ενφ)
641 1378 823 1431 postque
847 1374 1103 1431 15rrzccsyi‘stffle
1125 1377 1214 1419 viri
1233 1392 1354 1420 nunc
1375 1378 1518 1434 yloria
1551 1378 1699 1423 claret.

322 1498 351 1566 ⁶,
398 1507 416 1564 ξ
449 1519 506 1549 ¹1.
543 1507 794 1548 Tarentum
817 1519 923 1548 vero
947 1519 1038 1562 qua
1059 1506 1312 1561 vigilantia,
1328 1520 1420 1563 quo
1449 1507 1644 1551 consilio
1665 1507 1839 1565 recepit
1867 1510 1873 1551 Ξ

335 1572 352 1584 ”
399 1580 548 1634 Quum
598 1575 798 1632 quidem,
840 1576 932 1619 ¹me
978 1576 1210 1631 audiente,
1250 1577 1510 1632 Salinatori,
1560 1577 1655 1634 2qui
1701 1578 1876 1623 amisso

337 1663 341 1670 ·
398 1650 564 1707 oppido
585 1647 759 1703 fugerat
784 1647 829 1690 in
862 1661 1029 1696 arcem,
1055 1648 1270 1705 glorianti
1302 1656 1441 1706 atque
1470 1649 1533 1695 ita
1561 1650 1752 1701 dicenti,
1773 1650 1879 1694 Mea

331 1765 339 1770 ff
399 1738 540 1779 opem,
575 1720 619 1775 Q.
649 1720 780 1775 Fam,
810 1720 1058 1764 Ture-ntum
1082 1722 1310 1778 recepisti:
1345 1721 1482 1777 Certe,
1524 1723 1673 1780 inquit
1704 1724 1882 1768 ridens,

399 1811 518 1849 nam,
538 1794 625 1837 nisi
647 1796 697 1835 tu
718 1794 948 1847 (amisisses,
971 1810 1208 1851 utinquam
1233 1783 1491 1851 recepissem.
1561 1797 1603 1838 N
1610 1810 1661 1839 ec
1685 1810 1793 1840 vero
1814 1795 1879 1839 ³in

403 1867 536 1910 armis
554 1865 870 1922 praestantior,
894 1880 1033 1921 quam
1056 1865 1102 1908 in
1125 1875 1234 1922 toga
1257 1881 1265 1909 :
1299 1865 1394 1922 ⁴qui
1414 1867 1574 1910 consul
1598 1866 1779 1920 iterum,
1805 1868 1882 1923 Sp.

406 1939 595 1983 Carvilio
628 1937 802 1992 collega
835 1939 1116 1994 quiescente,
1151 1940 1201 1983 C.
1243 1939 1468 1982 Flaminio
1503 1940 1687 1984 tribuno
1722 1940 1886 1996 plebis,

384 2010 548 2067 quoad
567 2009 725 2065 potuit,
748 2010 928 2062 restitit,
950 2025 1113 2066 agrum
1141 2011 1377 2055 Picentem
1402 2020 1445 2054 et
1466 2012 1695 2055 Gallicum
1715 2011 1885 2055 viritim

404 2092 557 2125 contra
588 2088 772 2123 senatus
804 2083 1128 2126 auctoritatem
1160 2083 1385 2127 dividenti
1412 2099 1421 2135 3
1454 2097 1689 2140 augurque
1724 2082 1885 2139 ⁵quum

404 2163 533 2205 esset,
556 2153 706 2195 dicere
728 2166 867 2197 ausus
891 2163 959 2198 est
984 2155 1169 2211 optimis
1193 2154 1412 2211 auspiciis
1435 2169 1489 2198 ea
1516 2155 1628 2211 geri,
1651 2170 1769 2212 quae
1806 2170 1886 2211 pro

363 2269 370 2275 ,
407 2228 677 2283 reipublicae
702 2227 847 2269 salute
876 2237 1143 2283 gererentur
1162 2243 1173 2280 3
1194 2226 1331 2284 ⁶quae
1364 2236 1523 2271 contra
1553 2227 1888 2284 rempublicam

344 2305 358 2356 j·
407 2312 640 2359 errentur,
668 2312 825 2347 contre.
859 2301 1065 2357 auspicia
1100 2301 1219 2344 ferri.
1291 2301 1308 2353 Ξ
1337 2312 1399 2343 12.
1445 2301 1590 2344 Multa
1623 2300 1669 2342 in
1702 2314 1755 2343 eo
1795 2300 1891 2342 viro

407 2373 653 2430 praeclara
675 2377 868 2433 cognovi
893 2392 902 2429 ;
937 2375 1018 2419 sed
1042 2375 1155 2419 nihil
1171 2384 1242 2419 est
1264 2374 1599 2429 admirabilius,
1620 2377 1777 2431 2quam
1796 2389 1886 2431 quo

347 2458 349 2461 ’
412 2449 546 2492 modo
570 2450 641 2493 ille
660 2459 854 2493 mortem
873 2449 935 2491 fili
959 2447 1199 2502 tulit‚clari
1219 2448 1301 2490 viri
1325 2457 1368 2491 et
1391 2447 1659 2491 consularis.
1718 2446 1827 2490 ³Est
1846 2447 1891 2490 in

368 2553 370 2556 .
410 2522 616 2565 manibus
638 2522 875 2565 laudatio:
908 2525 1066 2577 *quam
1099 2534 1240 2577 quum
1275 2520 1485 2575 legimus,
1515 2533 1654 2576 quem
1691 2519 1889 2575 philoso-

411 2593 549 2636 hum
577 2609 666 2637 non
699 2593 1074 2638 contemnimus?
1138 2594 1238 2636 Nec
1274 2606 1382 2636 vero
1416 2592 1489 2636 ille
1519 2592 1584 2635 ⁵in
1617 2592 1718 2635 luce
1750 2592 1892 2635 modo

352 2656 377 2676 ¹·
429 2673 547 2722 itque
581 2667 624 2709 in
657 2667 800 2710 oculis
823 2666 993 2710 civium
1021 2680 1232 2721 magnus,
1257 2665 1339 2709 sed
1372 2664 1495 2708 intus
1524 2664 1742 2721 domique
1764 2678 1894 2721 prae·

377 2786 379 2792 .
420 2738 609 2781 tantior.
675 2737 791 2795 “Qui
824 2741 1000 2783 sermo!
1040 2752 1158 2796 quae
1190 2739 1468 2794 praecepta!
1508 2735 1700 2794 ⁷quanta
1731 2736 1896 2781 notitia

399 2809 689 2866 ntiquitatis
714 2814 721 2855 1
755 2826 871 2868 quae
889 2811 1083 2855 scientia
1099 2809 1213 2866 juris
1229 2809 1390 2867 auguri
1415 2811 1422 2854 Σ
1455 2808 1645 2853 8multae
1668 2808 1825 2864 etiam,
1846 2818 1894 2852 ut

385 2895 393 2900 ¹*
430 2894 457 2923 n
478 2881 661 2927 homine
687 2885 913 2940 Romano,
927 2884 1105 2929 litterae
1126 2899 1135 2929 :
1170 2882 1325 2927 omnia
1346 2881 1569 2926 memoria
1590 2881 1777 2927 tenebat
1803 2895 1896 2925 non
