2412 3336
753 349 880 384 CATO
917 350 1082 384 MAJOR
1118 350 1183 383 DE
1218 348 1521 384 SENEOTUTE.

400 474 517 519 'Ubi
549 471 672 518 enim
694 480 846 530 potest
877 472 957 516 illa
977 479 1106 516 aetas
1129 480 1205 516 aut
1238 471 1469 515 calescere
1500 470 1571 515 vel
1593 469 1881 526 apricatione

402 546 563 590 melius
595 545 664 588 vel
697 544 807 601 igni,
837 552 914 588 aut
948 544 1152 588 vicissim
1184 543 1358 588 umbris
1389 543 1579 598 aquisve
1609 540 1884 598 ‘refrigerari

402 617 657 663 salubrius?
711 614 733 674 ξ
763 617 827 672 58.
850 615 969 660 ¹Sibi
984 617 1186 661 habeant
1203 617 1341 673 igitur
1357 630 1500 670 arma,
1518 615 1604 659 sibi
1618 627 1777 670 equos,
1796 614 1883 658 sibi

404 692 575 744 hastas,
598 690 681 733 sibi
706 689 902 742 clavam,
925 689 1011 733 sibi
1035 690 1193 746 pilam,
1214 688 1300 733 sibi
1324 688 1591 732 venationes
1624 696 1670 732 et
1691 701 1852 731 cursus
1875 703 1886 740 ;

403 762 533 806 nobis
576 762 763 806 senibus
805 775 859 805 ex
895 761 1152 804 lusionibus
1184 760 1340 804 multis
1372 759 1508 804 ²talos
1540 759 1802 814 relinquant
1839 768 1884 804 et

400 844 624 880 tesseras:
656 833 720 877 ³id
753 833 905 890 ipsum
937 842 1093 877 tamen
1126 841 1174 877 ut
1205 832 1381 888 libebit,
1415 832 1634 888 quoniam
1677 832 1776 876 sine
1818 832 1886 876 eis

403 908 535 952 beata
557 920 658 951 esse
680 915 893 951 senectus
916 915 1082 964 potest.

460 1025 570 1068 XVI
582 1023 700 1081 1.-§
730 1034 795 1080 59.
835 1025 1008 1068 Multas
1025 1025 1084 1069 ad
1100 1039 1172 1069 res
1190 1024 1405 1081 perutiles
1423 1023 1749 1080 Xenophontis
1766 1023 1887 1067 ¹libri

404 1107 536 1143 sunt:
579 1110 691 1152 quos
723 1097 875 1153 legite,
906 1110 1095 1152 quaeso,
1137 1097 1357 1150 studiose,
1387 1105 1435 1140 ut
1472 1094 1653 1140 ²facitis.
1732 1096 1888 1152 Quam

402 1171 585 1228 copiose
607 1170 667 1213 ab
687 1183 743 1214 eo
765 1170 862 1225 agri
884 1170 1064 1214 cultura
1084 1170 1298 1213 laudatur
1320 1168 1366 1211 in
1389 1182 1442 1212 eo
1464 1168 1596 1223 libro,
1618 1167 1696 1223 qui
1718 1175 1789 1212 est
1808 1165 1888 1212 ³de

402 1242 571 1288 tuenda
593 1256 641 1286 re
661 1242 889 1296 familiari,
911 1241 987 1296 qui
1023 1241 1331 1285 Oeconomicus
1362 1240 1625 1285 inscribitur
1648 1242 1658 1285 ἔ
1720 1241 1888 1295 Atque,

402 1315 467 1360 ‘ut
488 1314 751 1370 intelligatis
771 1314 883 1358 nihil
897 1314 937 1358 ei
961 1322 1057 1358 tam
1079 1315 1231 1370 regale
1248 1314 1392 1358 videri
1410 1327 1550 1369 quam
1567 1313 1771 1358 studium
1787 1312 1888 1369 agri

403 1386 597 1442 colendi,
637 1386 850 1430 Socrates
892 1386 938 1429 in
981 1400 1036 1430 eo
1068 1387 1186 1429 libro
1224 1384 1443 1443 ⁵loquitur
1474 1400 1579 1430 cum
1614 1386 1853 1430 Critobulo
1878 1400 1886 1429 :

405 1461 571 1515 Cyrum
604 1459 844 1514 minorem,
863 1457 1039 1515 ‘regem
1070 1460 1329 1515 Persarum,
1358 1467 1673 1516 praestantem
1702 1458 1888 1516 ingenio

403 1542 538 1589 atque
560 1533 721 1589 imperi
752 1533 914 1589 gloria,
936 1546 1078 1588 quum
1114 1533 1366 1589 Lysander*
1390 1533 1799 1588 Lacedaemonius,
1821 1532 1891 1576 vir

405 1619 610 1649 summae
642 1605 835 1660 virtutis,
856 1606 1076 1650 ⁷venisset
1108 1605 1169 1649 ad
1203 1620 1308 1650 eum
1341 1606 1516 1661 Sardis,
1541 1605 1675 1663 eique
1706 1606 1831 1650 dona
1862 1619 1891 1649 a

403 1676 536 1720 sociis
559 1677 802 1733 attulisset,
816 1686 860 1722 et
878 1678 1042 1722 ceteris
1059 1678 1103 1721 in
1121 1678 1256 1723 rebus
1275 1693 1571 1723 communem
1586 1693 1694 1735 erga
1716 1679 1888 1735 Lysan—

401 1748 532 1791 drum
563 1757 699 1802 atque
721 1750 978 1793 humanum
1000 1749 1156 1805 fuisse,
1181 1759 1224 1794 et
1248 1750 1287 1794 ei
1310 1749 1562 1805 gquendam
1584 1760 1888 1807 consaeptum

400 1834 557 1876 agrum
609 1820 854 1878 diligenter
903 1822 1135 1866 consitum
1189 1822 1459 1867 ostendisse.
1526 1823 1681 1879 Quum
1733 1832 1887 1866 autem

402 1893 702 1938 admiraretur
726 1894 965 1951 Lysander
982 1903 1027 1939 et
1046 1895 1344 1951 proceritates
1366 1895 1582 1938 arborum
1604 1904 1649 1939 et
1668 1894 1890 1939 ⁹directos

403 1964 447 2008 in
465 1966 764 2020 quincuncem
783 1968 1039 2022 ordines,et
1057 1968 1248 2012 humum
1265 1967 1541 2012 ¹⁰subactam
1556 1977 1692 2025 atque
1711 1982 1890 2024 puram,

402 2046 447 2081 et
489 2039 760 2083 suavitatem
803 2040 998 2084 odorum
1051 2041 1124 2095 qui
1177 2040 1440 2085 afflarentur
1481 2056 1505 2084 e
1549 2041 1751 2094 floribus,
1791 2050 1888 2084 tum

403 2109 586 2164 dixisse,
608 2112 760 2156 mirari
784 2127 833 2157 se
856 2127 948 2157 non
982 2114 1121 2157 modo
1144 2114 1431 2169 diligentiam
1465 2114 1547 2157 sed
1571 2114 1711 2158 etiam
1735 2113 1891 2156 soller-

404 2181 515 2225 tiam
536 2183 650 2239 ejus,
673 2198 699 2227 a
729 2198 819 2240 quo
842 2194 996 2230 essent
1019 2186 1095 2229 illa
1116 2184 1362 2231 ”dimensa
1390 2198 1525 2241 atque
1559 2186 1779 2242 discripta
1803 2202 1812 2237 ;
1846 2193 1890 2228 et

407 2253 447 2295 ei
468 2253 636 2310 Cyrum
654 2257 1119 2313 1·espondisse‚Atqu·i
1131 2272 1205 2314 690
1223 2258 1343 2301 12ista
1358 2273 1457 2300 sum
1473 2259 1627 2302 omnia
1642 2258 1891 2307 dimensus;

407 2325 491 2367 mei
524 2330 629 2370 sunt
660 2329 850 2384 ordinati,
893 2344 992 2372 mea
1033 2330 1293 2386 discripti0;
1334 2332 1499 2374 multae
1531 2331 1666 2374 etiam
1697 2331 1893 2374 istm-vm

406 2397 614 2442 arborum
627 2414 724 2443 mea
739 2416 880 2444 manu
893 2406 998 2445 sunt*
1011 2406 1144 2446 scitae.
1185 2405 1304 2447 Tum
1324 2404 1892 2460 Lysandrum,intuentem

408 2470 504 2526 ejus
527 2485 775 2529 purpuram
800 2483 845 2518 et
869 2475 1065 2519 nitorem
1088 2477 1291 2533 corporis
1324 2486 1630 2533 ornatumque
1655 2476 1893 2519 Persicum

410 2543 548 2586 multo
569 2559 681 2588 auro
703 2546 946 2602 multisque
967 2548 1181 2603 gemmis,
1202 2548 1389 2602 dixisse,
1412 2548 1540 2591 Recte
1562 2563 1657 2591 vero
1679 2551 1735 2601 te,
1764 2546 1891 2602 Cyre,

410 2613 584 2659 beatum
595 2618 773 2674 ferunt,
798 2620 1015 2676 quoniam
1037 2620 1197 2664 virtuti
1219 2624 1321 2665 tuae
1333 2622 1530 2677 fortuna
1552 2622 1791 2676 conjuncta
1812 2623 1886 2662 est.

410 2684 513 2739 §60.
537 2689 550 2715 ¹
565 2691 666 2734 Hac
690 2690 825 2747 igitur
846 2692 1030 2736 fortuna
1050 2692 1137 2736 frui
1159 2693 1265 2738 licet
1288 2693 1499 2738 senibus:
1531 2692 1633 2737 ²nec
1659 2700 1788 2737 aetas
1812 2692 1894 2735 im-

412 2759 537 2816 pedit
569 2774 659 2817 quo
692 2764 845 2807 minus
883 2773 927 2809 et
959 2773 1219 2809 ceterarum
1250 2780 1417 2822 rerum,
1448 2773 1492 2809 et
1525 2765 1572 2808 in
1604 2764 1766 2821 primis
1797 2762 1895 2820 agri

411 2832 589 2878 colendi
612 2835 765 2880 studia
787 2845 1028 2882 teneamus
1051 2851 1196 2894 usque
1218 2839 1278 2883 ad
1299 2838 1512 2883 ultimum
1533 2846 1716 2895 tempus
1739 2850 1897 2882 senec—

413 2904 535 2951 tutis.
614 2909 681 2953 M.
703 2905 907 2965 ⁸quidem
928 2910 1166 2957 Valerium
1200 2911 1401 2957 Corvum
1422 2910 1687 2969 accepimus
1709 2909 1770 2954 ad
1792 2922 1897 2954 cen-
