2380 3336
723 345 848 381 ono
884 344 1048 380 »tason
1083 344 1152 380 nn
1187 343 1490 381 sunno-rum.
1789 330 1850 381 19

366 482 460 514 vero
479 466 645 522 ⁵istinc,
669 468 899 523 tamquam
921 480 951 510 α
980 465 1161 511 domino
1182 467 1344 524 aqresti
1373 481 1424 511 ac
1446 465 1624 524 furioso
1640 467 1842 524 profuyi.

366 540 576 598 “Cupidis
616 539 739 583 enirn
780 553 931 583 rerum
962 540 1123 583 talium
1166 540 1379 584 odiosum
1420 548 1465 584 et
1498 540 1746 584 molestum
1777 548 1850 584 est

370 614 562 658 fortasse
604 625 791 664 carere3
824 612 1001 656 satiatis
1042 625 1151 656 vero
1192 621 1237 656 et
1273 611 1465 669 expletis
1503 611 1752 668 jucundius
1784 619 1854 655 est

369 698 519 731 carere
555 698 696 741 quam
736 683 836 728 frui.
903 683 1220 741 'Quamquam
1251 699 1345 729 non
1377 693 1501 730 caret
1542 684 1596 737 is,
1634 685 1713 741 qui
1755 696 1849 728 non

369 757 600 804 desiderat
623 771 631 800 ε
665 770 774 812 ergo
798 771 888 800 non
911 756 1175 801 desiderare
1196 757 1301 801 dico
1324 771 1425 801 esse
1440 757 1691 814 jucundius
1714 769 1854 812 quam

370 830 468 875 frui.
508 828 529 887 §
554 829 625 882 48.
654 828 791 885 Quod
809 826 862 873 ¹si
881 829 981 873 istis
998 829 1111 886 ipsis
1134 829 1444 886 voluptatibus
1461 829 1586 873 bona
1602 837 1732 873 aetas
1749 829 1854 872 frui-

369 911 441 948 tur
470 901 700 956 libentius,
720 901 935 958 ²primum
959 902 1160 958 parvulis
1185 902 1347 946 fruitur
1369 902 1520 957 rebus,
1542 910 1591 946 ut
1612 902 1813 946 diximus
1842 917 1852 951 ς

369 975 552 1020 ³deinde
573 974 655 1028 eis,
676 974 842 1030 quibus
879 984 1106 1028 senectuS,
1139 974 1176 1018 si
1210 989 1301 1018 non
1331 974 1517 1019 abunde
1549 974 1737 1031 potitur,
1762 989 1854 1018 non

371 1047 555 1092 omnino
588 1055 723 1090 caret.
800 1048 858 1090 Ut
891 1045 1152 1103 *Turpione
1180 1047 1392 1090 ,xmbivio
1415 1047 1563 1103 magis
1585 1048 1856 1101 delectatur,

370 1119 462 1177 ⁵qui
486 1119 530 1162 in
553 1118 702 1175 prima
723 1132 864 1163 cavea
886 1128 1062 1175 spectat
1092 1135 1101 1172 ;
1135 1119 1390 1164 delectatur
1419 1128 1574 1164 tamen
1606 1120 1746 1163 etiam
1778 1120 1855 1176 qui

371 1192 416 1236 in
448 1192 621 1246 ultima,
658 1191 721 1234 sic
753 1188 1083 1246 adulescentia,
1121 1192 1387 1248 voluptates
1415 1190 1619 1248 ⁶propter
1658 1192 1857 1247 intuens,

370 1264 530 1321 ⁷1nagis
561 1264 756 1308 fortasse
787 1264 1012 1315 laetatum
1045 1264 1125 1308 sed
1169 1264 1422 1308 delectatur
1451 1264 1592 1308 etiarn
1625 1273 1854 1319 senectus,

371 1337 523 1394 procul
553 1351 634 1380 eas
666 1344 893 1392 spectans,
926 1344 1106 1380 tantum
1134 1345 1358 1393 quantum
1381 1344 1451 1380 sat
1472 1344 1556 1380 est.
1625 1334 1645 1392 ξ
1670 1347 1742 1392 49.
1776 1334 1852 1380 ¹At

372 1410 446 1453 illa
480 1410 638 1466 quanti
674 1417 794 1463 sunt,
825 1408 1046 1451 ²animum
1088 1418 1326 1465 tamquam
1364 1408 1566 1453 emeritis
1609 1408 1852 1464 stipendiis

369 1480 582 1534 libidinis,
620 1480 900 1536 ambitionis,
931 1481 1256 1536 contentionis,
1287 1481 1645 1536 inimicitiarum,
1675 1480 1852 1537 cupidi-

372 1561 513 1597 tatum
535 1553 741 1597 omnium
774 1567 930 1597 secum
962 1567 1079 1608 esse,
1101 1566 1367 1610 secumque,
1388 1561 1436 1597 ut
1466 1552 1648 1608 dicitur,
1668 1553 1822 1596 vivere
1843 1554 1851 1594 l

375 1625 421 1670 Si
459 1639 563 1670 vero
599 1624 756 1670 ³habet
797 1626 983 1683 aliquod
1027 1634 1265 1683 tamquam
1296 1626 1516 1683 pabulum
1549 1626 1670 1670 studi
1712 1634 1852 1683 atque

373 1696 619 1754 doctrinae,
650 1699 764 1742 nihil
795 1707 865 1743 est
897 1699 1046 1742 otiosa
1083 1707 1320 1743 senectute
1347 1699 1609 1755 jucundius.
1694 1696 1851 1744 ⁴Vide-

373 1771 530 1816 bamus
572 1772 618 1816 in
663 1772 814 1817 studio
861 1772 1134 1817 dimetiundi
1181 1786 1329 1829 paene
1371 1772 1484 1816 caeli
1528 1782 1667 1829 atque
1705 1781 1853 1818 terrae

375 1844 420 1887 C.
441 1844 639 1899 Gallum,
660 1844 932 1889 familiarem
951 1844 1093 1901 patris
1115 1845 1197 1900 tui,
1218 1844 1386 1902 Scipio.
1451 1842 1697 1901 ⁵Quotiens
1719 1845 1848 1889 illum

369 1914 443 1959 lux
483 1925 619 1961 noctu
665 1917 836 1974 aliquid
884 1916 1144 1961 describere
1192 1917 1465 1973 ingressum,
1495 1917 1710 1974 quotiens
1758 1931 1849 1962 nox

373 1990 609 2045 oppressit,
631 2004 771 2047 quum
794 2004 930 2034 mane
953 1990 1181 2046 coepisset
1206 1992 1215 2034 l
1265 1990 1439 2046 ⁶Quam
1459 1989 1722 2035 delectabat
1746 2005 1850 2035 eum

372 2060 649 2107 defectiones
681 2063 789 2106 solis
822 2071 867 2107 et
897 2063 1032 2107 lunae
1064 2063 1209 2107 multo
1242 2062 1376 2106 nobis
1408 2070 1514 2107 ante
1548 2063 1847 2119 praedicere!

374 2132 395 2188 ἓ
418 2145 481 2190 50.
514 2134 654 2191 ¹Quid
671 2135 716 2177 in
732 2134 977 2178 levioribus
992 2134 1172 2189 studiiS,
1190 2134 1271 2178 sed
1290 2142 1446 2178 tamen
1460 2135 1643 2178 acutis?
1696 2136 1847 2192 Quam

372 2207 596 2262 gaudebat
618 2205 758 2250 ²Bez30
779 2221 863 2250 suo
896 2206 1069 2250 Punico
1097 2206 1300 2251 Naevius
1322 2210 1330 2251 Ξ
1403 2208 1555 2263 Quam
1581 2207 1850 2252 Truculento

378 2280 592 2324 Plautus!
626 2292 763 2335 quam
804 2278 1060 2323 Pseudolo!
1118 2279 1227 2323 Vidi
1269 2279 1410 2324 etiam
1445 2278 1621 2325 ³senem
1654 2281 1855 2332 Livium.

375 2352 463 2409 qui,
483 2353 641 2409 ⁴quum
664 2367 742 2397 sex
774 2353 909 2396 annis
931 2362 1038 2397 ante
1072 2367 1213 2410 quam
1245 2367 1330 2409 ego
1353 2362 1488 2397 natus
1521 2368 1624 2397 sum
1646 2354 1851 2399 fabulam

373 2423 614 2480 docuisset,
655 2426 863 2469 Centone
905 2425 1231 2482 Tuditanoque
1271 2425 1551 2478 consulibus,
1586 2424 1750 2483 ⁵usque
1793 2428 1854 2471 ad

373 2495 729 2541 adulescentiam
751 2510 902 2540 meam
939 2497 1160 2553 processit
1183 2504 1346 2540 aetate.
1394 2496 1515 2552 Quid
1538 2497 1598 2541 de
1625 2497 1670 2540 P.
1703 2497 1851 2541 Licini

377 2568 524 2612 Crassi
555 2578 599 2613 et
628 2568 854 2625 “pontifici
888 2577 931 2612 et
963 2568 1109 2613 civilis
1131 2568 1248 2624 juris
1281 2568 1436 2612 studio
1469 2569 1661 2627 loquar?
1692 2581 1772 2615 aut
1794 2571 1853 2615 de

374 2640 518 2697 ⁷hujus
540 2643 584 2685 P.
607 2642 850 2698 Scipionis,
869 2641 1035 2698 quibis
1053 2642 1211 2698 paucis
1226 2641 1389 2685 diebus
1408 2642 1611 2698 pontifex
1626 2643 1854 2687 maximus

376 2711 517 2757 factus
548 2713 651 2758 est?
715 2713 852 2770 Atqui
884 2713 980 2757 ⁸eos
1018 2727 1197 2768 omnes,
1232 2727 1348 2770 quos
1381 2714 1756 2768 commemoravi,
1783 2714 1855 2758 his

312 2783 329 2792 '*
376 2785 531 2829 studiis
572 2786 817 2843 flagrantes
861 2800 994 2830 senes
1038 2785 1249 2829 vidimus.
1318 2786 1380 2828 M..
1430 2800 1536 2829 vero
1580 2787 1853 2843 Cethegum,

376 2869 505 2913 quem
527 2867 647 2903 recte
667 2856 865 2903 ⁹Sua1ae
887 2857 1127 2901 medullam
1148 2858 1264 2902 dixit
1289 2857 1483 2911 Ennius,
1504 2868 1679 2916 quanto
1701 2859 1868 2904 studio-
