2444 3352
628 347 687 395 14
1094 360 1145 394 M.
1184 360 1336 394 'mmm
1373 360 1641 394 elcnnoms

619 482 740 526 vitae
759 496 925 525 munus
942 481 1130 539 exsequi
1148 481 1341 538 possint.
1396 483 1456 525 At
1477 480 1522 525 id
1540 481 1747 538 ²quidem
1764 495 1859 524 non
1879 481 2116 539 proprium

618 554 868 598 senectutis
901 553 1063 598 vitium
1095 562 1180 608 est,
1212 554 1296 598 sed
1329 567 1577 598 commune
1608 553 1900 605 valetudinis.
1965 556 2118 612 Quam

618 626 703 671 fuit
725 626 982 670 imbecillus
1001 627 1046 669 P.
1066 625 1272 669 Africani
1292 625 1426 681 filius,
1447 625 1505 668 ³is
1528 626 1604 683 qui
1627 634 1674 670 te
1688 625 1944 683 adoptavit,
1959 629 2119 684 ⁴quam

619 698 745 743 tenui
780 707 858 743 aut
890 698 1012 741 nulla
1047 698 1201 755 potius
1234 698 1531 742 valetudine!
1596 697 1736 755 Quod
1767 699 1813 742 ni
1849 698 1914 743 ita
1944 698 2122 754 fuisset,

617 771 814 814 alterum
851 770 983 814 5illud
1019 770 1272 814 exstitisset
1313 771 1470 815 lumen
1503 770 1737 815 civitatis:
1776 770 1837 814 ad
1875 779 2119 828 paternam

619 844 743 887 enim
780 842 1150 899 1n1gnitudinem
1182 842 1324 886 animi
1368 843 1581 887 doctrina
1622 843 1807 887 uberior
1842 851 2119 888 accesserat·

623 916 747 973 Quid
779 916 947 959 mirum
981 916 1116 972 igitur
1136 916 1201 959 ⁶in
1232 917 1436 972 senibus,
1460 916 1498 959 si
1529 916 1698 959 infirmi
1724 924 1829 960 sunt
1852 917 2120 973 aliquando,

620 1003 763 1046 quum
786 989 850 1032 ⁷id
870 1003 928 1033 ne
949 988 1271 1033 adulescentes
1294 989 1485 1046 quidem
1508 988 1709 1044 effugere
1724 988 1939 1045 possint?
1998 987 2116 1034 ⁶Re·

621 1061 894 1115 sistendum,
932 1061 1054 1104 Laeli
1097 1070 1143 1105 et
1185 1061 1359 1118 Scipio,
1389 1061 1615 1105 senectuti
1666 1068 1752 1114 est,
1785 1060 1976 1118 ejusque
2012 1061 2123 1106 vitia

618 1133 857 1190 diligentia
899 1133 1249 1189 compensanda
1292 1141 1412 1178 sunt.
1506 1133 1840 1189 Pugnandum,
1883 1142 2121 1191 tamquam

620 1215 783 1250 contra
804 1206 1031 1259 morbum,
1054 1206 1120 1249 sic
1144 1215 1306 1250 contra
1339 1214 1637 1250 senectutem.
1713 1203 1734 1261 ξ
1761 1205 1829 1262 36.
1863 1205 2122 1250 ¹Habenda

620 1279 737 1322 ratio
771 1278 1063 1333 valetudinis,
1086 1279 1313 1322 utendum
1336 1278 1741 1322 exercitationibus
1768 1277 1983 1333 modicis,
2004 1277 2121 1323 ²tan-

622 1359 720 1395 turn
743 1349 833 1393 cibi
854 1358 900 1394 et
923 1350 1126 1406 potionis
1147 1350 1483 1405 adhibendum,
1506 1358 1555 1393 ut
1583 1349 1848 1394 reficiantur
1869 1349 2003 1405 vires,
2026 1363 2119 1394 non

623 1422 953 1479 opprimantur.
1020 1423 1121 1467 Nec
1140 1436 1247 1467 vero
1270 1423 1451 1480 corpori
1475 1423 1624 1466 solum
1646 1422 2015 1466 subveniendum
2038 1431 2124 1480 est,

624 1494 706 1539 sed
720 1494 881 1538 ³menti
899 1502 1037 1550 atque
1054 1494 1211 1538 animo
1229 1495 1376 1539 multo
1397 1494 1560 1551 magis.
1630 1495 1757 1538 Nam
1778 1495 1895 1540 haec
1918 1509 2120 1552 quoque,

622 1566 729 1611 *nisi
751 1575 993 1623 tamquam
1022 1566 1186 1610 lumini
1209 1568 1365 1612 oleum
1386 1567 1597 1621 instilles,
1618 1567 1941 1623 exstinguntur
1962 1580 2121 1612 senec·

623 1647 733 1684 tute.
815 1639 874 1683 Et
917 1653 1110 1695 corpora
1145 1639 1336 1696 quidem
1377 1640 1756 1684 exercitationum
1789 1639 2120 1696 defetigatione

621 1712 966 1768 ingravescunt,
981 1709 1142 1754 ⁵animi
1166 1721 1323 1756 autem
1345 1712 1640 1756 exercitando
1662 1713 1885 1756 levantur.
1948 1712 2121 1768 ⁶Nam,

623 1798 739 1841 quos
771 1784 836 1827 ait
880 1783 1125 1838 Caecilius,
1157 1784 1340 1826 comicos
1370 1785 1528 1827 stultos
1556 1799 1674 1827 senes
1711 1784 1798 1828 hoc
1831 1784 2121 1840 significat-

623 1856 851 1908 credulos,
868 1855 1135 1908 obliviosos,
1150 1856 1426 1899 dissolutos:
1462 1871 1580 1913 quae
1597 1856 1710 1900 vitia
1725 1865 1831 1901 sunt
1848 1871 1942 1900 non
1960 1870 2119 1902 senec·

620 1929 746 1984 tutis,
780 1929 861 1973 sed
893 1928 1067 1984 inertis,
1099 1929 1310 1985 ignavae,
1343 1929 1683 1974 somniculosae
1727 1930 1989 1974 senectutis.
2057 1932 2122 1975 Ut

623 2002 891 2059 petulantia,
910 2010 958 2046 ut
980 2001 1125 2045 libido
1143 2002 1292 2058 magis
1315 2010 1384 2046 est
1406 2002 1775 2047 adulescentium
1796 2016 1937 2060 quam
1956 2016 2120 2048 senum

624 2089 767 2118 —nec
784 2084 937 2118 tamen
958 2075 1167 2118 omnium
1184 2075 1569 2128 adulescentium,
1583 2075 1664 2119 sed
1681 2075 1791 2118 ⁷non
1810 2075 2123 2131 proborum—

626 2147 691 2192 sic
725 2147 816 2191 ista
847 2147 1007 2190 senilis
1031 2146 1405 2203 stultitia—quae
1430 2145 1657 2191 “delio-atio
1694 2148 1916 2205 appellari
1949 2149 2125 2193 solet—-

626 2233 790 2264 senum
811 2219 982 2262 levium
1003 2228 1086 2273 est,
1109 2233 1203 2262 non
1226 2220 1435 2263 omnium
1514 2217 1535 2276 ξ
1558 2231 1622 2274 37.
1660 2220 1871 2276 Quatuor
1886 2218 2119 2266 ¹robustos

624 2292 758 2348 filios,
800 2292 1003 2349 quinque
1045 2292 1180 2346 filias,
1220 2301 1402 2336 tantam
1438 2292 1645 2347 domum,
1687 2299 1841 2336 tantas
1883 2292 2122 2338 clientelas

622 2366 804 2422 Appius
835 2366 1041 2421 ²regebat
1082 2368 1132 2411 eb
1175 2379 1315 2410 senex
1357 2373 1401 2409 et
1443 2378 1624 2409 caecus.
1687 2363 1952 2408 ³Intentum
1993 2365 2120 2409 enirn

622 2438 845 2492 animum,
867 2447 1108 2494 ‘tamquam
1131 2450 1306 2489 arcum,
1328 2437 1547 2492 habebat,
1569 2450 1653 2481 nec
1676 2436 1982 2493 languescens
2020 2451 2120 2482 suc-

623 2510 872 2554 cumbebat
909 2510 1150 2554 senectuti.
1218 2509 1431 2553 Tenebat
1464 2522 1558 2552 non
1589 2508 1733 2552 modo
1762 2506 2122 2565 ⁴auctoritatem,

623 2583 706 2627 sed
724 2583 865 2627 etiam
883 2582 1127 2639 imperium
1150 2581 1196 2624 in
1215 2595 1324 2625 suos
1345 2597 1357 2634 ;
1387 2580 1673 2625 ‘metuebant
1695 2580 1829 2636 servi,
1844 2580 2123 2625 verebantur

619 2656 769 2710 liberi,
810 2669 969 2698 carum
1011 2668 1174 2699 omnes
1214 2654 1492 2699 habebant:
1544 2653 1730 2709 vigebat
1771 2652 1818 2696 in
1860 2652 1939 2696 illa
1978 2653 2123 2698 domo

626 2728 803 2785 patrius
818 2741 919 2771 mos
936 2734 983 2772 et
998 2726 1257 2784 disciplina.
1304 2724 1326 2784 ξ
1349 2726 1416 2782 38.
1441 2723 1542 2770 ¹Ita
1555 2725 1680 2770 enim
1695 2733 1909 2770 senectus
1925 2724 2124 2771 honesta

622 2810 707 2859 est,
745 2801 784 2846 si
835 2815 885 2846 se
921 2801 1024 2858 ipsa
1070 2800 1293 2856 defendit,
1324 2799 1364 2844 si
1389 2798 1465 2856 jus
1499 2812 1632 2843 suum
1662 2797 1845 2855 retinet,
1878 2798 1916 2843 si
1947 2798 2124 2844 nemini

622 2874 916 2932 emancipata
937 2881 1025 2931 est,
1046 2873 1084 2918 si
1107 2886 1255 2931 usque
1280 2872 1344 2917 ad
1375 2872 1590 2918 ultimum
1620 2871 1835 2930 spiritum
1857 2870 2124 2917 dominatur
