2436 3320
862 360 988 394 CATO
1026 361 1189 393 ,umori
1227 360 1293 393 m:
1329 360 1627 394 semei-wrm.
1962 347 1990 392 9

504 484 673 529 civium
717 482 905 526 nomina
946 472 1268 539 ³perce'perat:
1318 496 1427 524 num
1462 481 1598 534 igitur
1630 481 1829 525 censetis
1872 495 1994 529 eum.

502 571 645 615 quum
661 564 812 600 aetate
827 554 1248 612 *processissessqui
1269 554 1495 598 Aristides
1513 563 1650 609 esset,
1668 554 1992 610 Lysimachum

504 631 705 674 salutare
727 627 950 671 solitum?
1009 626 1240 683 Equidem
1259 640 1351 669 non
1373 627 1514 669 modo
1536 640 1615 670 eos
1639 627 1744 670 novi
1768 626 1847 684 qui
1872 637 1993 679 sunt,

505 702 588 747 sed
619 714 778 745 eorum
809 708 963 756 patres
996 700 1136 743 etiam
1169 708 1212 742 et
1244 714 1369 742 avos.
1432 700 1559 742 ⁵Nec
1594 699 1803 756 sepulcra
1834 699 1994 753 legens

502 788 674 828 vereor,
697 773 821 829 quod
843 772 986 826 aiunt,
1009 785 1066 814 ne
1089 772 1359 814 memoriam
1382 771 1574 828 perdam
1597 787 1606 823 ;
1639 772 1711 814 his
1734 772 1858 816 enim
1881 771 1994 827 ipsis

502 846 709 903 legendis
750 847 815 888 ⁰111
860 843 1134 887 memoriam
1172 848 1309 887 redeo
1348 852 1645 887 mortuorum.
1733 845 1832 887 Nec
1886 859 1994 887 vero

499 920 800 976 ⁷quemquam
832 929 993 961 senem
1023 914 1177 958 audivi
1209 915 1438 969 8oblitum,
1465 929 1557 971 quo
1590 916 1695 959 loco
1725 916 1990 959 thesaurum

503 989 744 1035 obruisset.
800 988 986 1040 Omnia,
1003 1001 1120 1043 quae
1142 989 1335 1038 ‘'c-urant,
1353 988 1677 1043 meminerunt,
1696 985 1994 1030 ¹⁰vadimonia

505 1062 773 1115 constituta,
814 1061 889 1117 qui
935 1059 1038 1111 sibi,
1068 1060 1236 1116 quibus
1282 1060 1370 1116 ipsi
1411 1061 1627 1104 debeant.
1695 1058 1715 1116 ξ
1751 1073 1816 1103 22.
1853 1059 1993 1115 'Quid

496 1134 828 1195 jurisconsulti,
842 1134 953 1190 quid
972 1132 1229 1189 pontifices,
1243 1133 1354 1189 quid
1377 1147 1587 1188 augures,
1603 1133 1713 1189 quid
1731 1123 1992 1189 philosophi

503 1208 665 1254 senes?
695 1221 836 1264 quam
859 1206 1005 1250 multa
1029 1205 1362 1249 meminerunt!
1432 1207 1624 1249 Manent
1649 1205 1852 1260 ²ingcnia
1876 1207 1995 1248 seni-

502 1283 605 1337 bus,
621 1280 761 1324 modo
783 1287 1054 1336 permaneat
1071 1278 1275 1321 studium
1293 1286 1337 1321 et
1357 1278 1584 1321 industria
1604 1294 1613 1330 ;
1646 1280 1749 1321 ³nec
1767 1293 1822 1323 ea
1846 1279 1994 1321 solum

501 1353 546 1396 in
580 1352 715 1396 claris
748 1359 794 1395 et
826 1350 1081 1393 ⁴h0noratis
1115 1350 1238 1403 viris,
1262 1350 1343 1394 sed
1377 1350 1422 1392 in
1456 1350 1551 1393 vita
1572 1350 1712 1394 etiam
1742 1351 1921 1407 privata
1951 1361 1994 1394 et

502 1425 670 1481 quieta.
736 1423 994 1480 Sophocles
1036 1423 1095 1465 acl
1140 1436 1370 1465 summam
1409 1431 1696 1466 senectutem
1733 1422 1995 1479 tragoedias

501 1497 626 1541 ⁵fecit
650 1511 660 1549 ;
690 1495 835 1553 6quod
857 1503 1045 1552 propter
1067 1494 1287 1549 studium,
1309 1491 1452 1551 quum
1478 1508 1575 1538 rem
1597 1495 1871 1539 familiarem
1888 1509 1993 1550 neg-

502 1571 652 1626 legere
702 1569 950 1622 videretur,
983 1583 1010 1612 a
1055 1568 1161 1612 filiis
1204 1568 1249 1612 in
1285 1569 1514 1625 judicium
1558 1578 1747 1614 vocatus
1789 1578 1874 1623 est,
1916 1571 1994 1618 τιιῐ,

502 1643 895 1700 quemadmodum
918 1650 1079 1686 nostro
1096 1656 1224 1685 more
1246 1642 1366 1685 male
1389 1656 1486 1685 rem
1503 1643 1770 1696 gerentibus
1787 1642 1994 1698 patribus

502 1717 635 1760 bonis
667 1715 878 1760 interdici
912 1715 1046 1768 solet,
1076 1715 1141 1758 sie
1187 1714 1314 1757 illum
1358 1715 1490 1771 quasi
1529 1714 1835 1771 desipientem
1878 1729 1906 1758 a
1949 1729 1993 1758 re

503 1788 711 1832 familiari
755 1795 1047 1832 removerent
1082 1788 1279 1844 judices.
1342 1789 1462 1830 Tum
1507 1802 1644 1831 senex
1688 1788 1854 1833 dicitur
1892 1802 1993 1831 eam

505 1860 721 1915 fabulam,
738 1875 880 1917 quam
894 1860 958 1903 8in
975 1860 1191 1903 manibus
1209 1860 1411 1903 habebat
1429 1869 1471 1904 et
1490 1860 1715 1916 ⁹proxime
1735 1861 1994 1917 scripserat,

509 1932 725 1989 Oedipum,
777 1932 1030 1986 Coloneum,
1081 1933 1302 1976 recitasse
1346 1932 1598 1988 judicibus,
1648 1933 1995 1989 quaesisseque,

507 2018 616 2048 num
649 2005 759 2048 illud
793 2019 979 2048 carmen
1006 2004 1310 2060 ¹⁰desipientis
1344 2005 1587 2048 videretur.
1652 2006 1757 2061 Quo
1789 2006 1995 2058 recitato,

507 2078 743 2121 sententiis
760 2077 972 2134 judicum
989 2077 1304 2120 estliberatus.
1375 2076 1395 2130 ἓ
1421 2090 1485 2132 23.
1521 2077 1673 2121 ¹Num
1699 2078 1835 2133 igitur
1857 2078 1995 2130 hunc,

507 2162 614 2193 num
653 2151 923 2204 Homerum,
956 2164 1068 2192 num
1110 2150 1387 2196 Hesiodum.
1421 2165 1529 2193 num
1566 2151 1852 2206 Simoniden,
1884 2165 1993 2193 num

511 2221 826 2265 Stesichorum
855 2238 865 2274 ;
896 2236 1022 2275 num,
1049 2236 1166 2277 quos
1198 2230 1304 2266 ante
1337 2222 1445 2272 dixi,
1472 2224 1724 2277 Isocraten,
1758 2224 1960 2279 Gorgian
1987 2240 1994 2274 ;

507 2293 615 2336 'num
637 2293 1019 2349 philosophorum
1043 2293 1288 2350 principes,
1324 2295 1635 2350 Pythagoran,
1664 2296 1994 2341 Democritum.

508 2378 615 2408 num
651 2366 906 2420 Platonem,
927 2380 1042 2409 num
1074 2366 1385 2421 Xenocraten,
1409 2382 1518 2411 num
1554 2376 1716 2423 postea
1749 2369 1995 2421 Zenonem,

509 2437 777 2494 Cleanthen,
810 2447 888 2482 aut
930 2453 1052 2486 eum,
1090 2453 1229 2495 quem
1272 2453 1352 2482 vos
1397 2439 1538 2483 etiam
1585 2441 1761 2483 Romae
1804 2440 1999 2487 vidistis.

508 2508 764 2565 ²Diogenen
800 2511 1025 2564 Stoicum,
1057 2509 1227 2567 3coegit
1260 2511 1306 2554 in
1345 2512 1440 2555 suis
1479 2512 1644 2556 studiis
1677 2514 1997 2557 obmutescere

509 2583 749 2626 senectus?
794 2585 871 2626 4an
915 2584 962 2627 in
1005 2585 1223 2627 omnibus
1255 2584 1319 2628 eis
1354 2585 1612 2629 studiorum
1643 2585 1834 2641 agitatio
1876 2586 1996 2629 vitae

507 2656 707 2712 aequalis
724 2656 837 2701 fuit?
886 2656 995 2711 §24
1037 2656 1244 2712 ¹Age‚²ut
1262 2657 1350 2701 ista
1366 2658 1523 2701 divina
1541 2658 1694 2702 studia
1711 2658 1997 2712 omittamus,

508 2740 694 2782 possum
734 2730 974 2775 nominare
1015 2729 1088 2775 ³ex
1129 2745 1241 2786 agro
1277 2732 1451 2775 Sabino
1493 2731 1691 2775 rusticos
1737 2733 1993 2786 Romanos,

506 2799 677 2845 vicinos
709 2810 752 2846 et
782 2803 1034 2847 familiares
1066 2816 1211 2852 meos,
1237 2803 1423 2860 “quibus
1454 2803 1724 2849 absentibus
1759 2818 1996 2862 nunquam

504 2885 595 2917 ·ere
625 2873 719 2918 ulla
747 2874 794 2919 in
830 2889 942 2933 agro
979 2875 1157 2932 majora
1194 2889 1335 2933 opera
1373 2875 1504 2932 fiunt,
1527 2890 1622 2920 non
1656 2876 1879 2932 serendis,
1901 2891 1994 2921 non
