2420 3336
587 299 650 347 32
1054 312 1108 349 u.
1143 311 1295 347 'tunm
1330 311 1597 347 monemus

585 434 638 490 is,
660 433 737 492 qui
760 434 863 492 plus
894 441 1054 479 cernat
1084 442 1130 479 et
1161 433 1362 490 longius,
1395 433 1553 479 videre
1584 446 1636 478 se
1665 433 1727 479 ad
1758 434 1951 480 meliora
1970 448 2071 493 pro·

587 505 758 550 ficisci:
790 505 886 551 ⁸ille
906 514 1078 560 autem,
1111 504 1242 562 cujus
1273 505 1481 550 obtusior
1512 505 1572 551 sit
1602 506 1743 562 acies,
1771 520 1864 551 non
1886 507 2075 553 videre?

583 578 832 634 ⁴Equidem
848 578 1013 623 efferor
1035 578 1188 623 studio
1205 586 1358 635 patres
1376 586 1569 633 vestros,
1584 592 1699 636 quos
1716 579 1835 623 colui
1857 587 1903 625 et
1921 580 2076 636 dilexi,

583 652 771 697 videndi
793 669 802 698 :
834 651 1001 708 ⁵neque
1024 665 1131 697 vero
1152 665 1234 696 eos
1255 651 1406 696 solum
1427 643 1674 697 c'onvenire
1695 667 1958 712 aveo,quos
1975 653 2074 711 ipse

585 725 780 782 cognovi
800 741 812 778 ;
844 724 928 769 sed
950 725 1052 768 illos
1073 724 1230 780 etiam,
1251 724 1309 768 de
1330 724 1496 780 quibus
1527 724 1699 781 audivi,
1720 733 1766 770 et
1787 726 1892 783 legi,
1908 734 1954 771 et
1976 726 2076 784 ipse

585 797 853 855 conscripsi.
918 799 1045 855 ‘Quo
1076 797 1261 853 quidem
1292 811 1367 842 me
1399 797 1769 855 proficiscentem
1800 798 1926 844 haud
1964 813 2076 845 sane

584 870 687 927 quis
721 870 856 915 facile
892 870 1142 925 retraxerit,
1185 882 1332 925 neque
1364 878 1604 926 tamquam
1638 870 1796 915 Pelian
1832 871 2069 917 recoxerit.

586 943 648 988 Et
681 942 717 987 si
748 943 851 999 quis
872 942 987 987 deus
1018 942 1129 986 mihi
1163 942 1397 998 largiatur,
1428 941 1493 987 'ut
1517 957 1574 986 ex
1598 942 1686 988 hae
1719 951 1870 988 aetate
1891 958 2074 1001 repuer-

583 1030 742 1061 ascam
781 1024 828 1061 et
870 1016 919 1059 in
962 1015 1094 1060 cunis
1126 1015 1322 1072 vagiam,
1356 1015 1493 1061 valde
1524 1029 1748 1060 recusem.
1813 1015 1937 1062 ⁸Nec
1969 1031 2077 1062 vero

584 1088 737 1143 velim,
758 1087 890 1143 quasi
912 1087 1108 1131 decurso
1141 1090 1259 1144 spati
1324 1087 1385 1131 ³43.
1417 1101 1627 1132 carceres
1658 1102 1686 1131 a
1707 1088 1835 1132 calce
1856 1089 2073 1134 revocari.

584 1159 697 1215 §84
734 1159 878 1217 ¹Quid
909 1160 1051 1204 habet
1075 1160 1200 1204 enim
1224 1159 1316 1203 vita
1347 1159 1620 1204 commodi?
1655 1160 1765 1216 quid
1797 1174 1891 1205 non
1922 1161 2076 1218 potius

582 1232 785 1276 laboris?
847 1231 941 1276 Sed
961 1231 1132 1277 habeat
1154 1245 1267 1276 sane
1286 1247 1296 1284 ;
1328 1231 1356 1269 ¹1
1379 1240 1470 1276 :avt
1501 1240 1626 1277 certe
1662 1241 1819 1278 tamen
1840 1242 1921 1279 aut
1943 1233 2077 1279 satie-

584 1312 728 1349 tatem
748 1311 827 1347 aut
841 1302 1046 1347 modum
1103 1303 1233 1346 2'Non
1255 1302 1330 1345 libr
1348 1320 1356 1337 κ
1382 1304 1505 1346 :nim
1522 1302 1636 1347 mihi
1652 1303 1893 1361 deplorare
1910 1304 2069 1361 vitam,

585 1376 710 1432 quod
739 1375 886 1431 multi,
906 1384 952 1420 et
973 1375 1015 1419 ei
1037 1375 1176 1431 docti,
1201 1388 1337 1432 saepe
1358 1377 1582 1420 “iecerunt
1602 1390 1611 1419 ε
1644 1388 1793 1431 neque
1812 1389 1887 1421 me
1904 1376 2072 1421 vixisse

586 1448 807 1506 paenitet,
847 1448 1066 1504 quoniam
1116 1447 1181 1491 ita
1222 1446 1325 1502 vixi,
1366 1455 1417 1491 ut
1458 1460 1550 1490 non
1592 1446 1761 1492 frustra
1800 1462 1875 1494 me
1913 1456 2072 1492 natum

585 1521 860 1577 existimem,
891 1530 936 1566 et
967 1534 1024 1565 ex
1054 1520 1147 1565 vita
1178 1519 1243 1564 ita
1272 1518 1463 1564 discedo
1484 1528 1724 1577 tamquam
1752 1534 1808 1564 ex
1838 1520 2074 1578 ⁴hospitio,

586 1608 682 1638 non
704 1601 939 1650 tamquam
960 1607 1016 1637 ex
1031 1592 1184 1636 domo.
1239 1591 1570 1636 Commorandi
1592 1592 1716 1636 enim
1730 1600 1893 1637 natura
1914 1593 2074 1637 dever-

587 1665 759 1710 sorium
809 1664 970 1721 nobis,'
996 1678 1090 1708 non
1125 1663 1367 1708 habitandi
1414 1664 1555 1709 dedit.
1616 1662 1730 1721 §85
1768 1666 1827 1710 ¹0
1870 1666 2073 1723 praecla-

586 1752 689 1782 rum
720 1738 860 1794 diem,
889 1752 1033 1795 quum
1064 1737 1122 1782 ad
1154 1737 1267 1781 illud
1298 1737 1505 1781 divinum
1536 1737 1798 1782 animorum
1827 1738 2074 1783 concilium

587 1822 864 1871 coetumque
880 1812 1160 1870 proficiscar,
1173 1824 1405 1867 quumque
1421 1826 1476 1856 ex
1489 1812 1578 1856 hac
1593 1813 1728 1857 turba
1740 1821 1786 1857 et
1799 1812 2074 1858 ²colluvione

585 1886 824 1930 discedam
849 1888 858 1930 !
924 1884 1195 1929 Proficiscar
1215 1884 1338 1928 enim
1371 1898 1463 1928 non
1494 1885 1555 1929 ad
1584 1899 1664 1929 eos
1687 1885 1836 1929 solum
1858 1885 1995 1941 viros,
2015 1885 2074 1930 de

586 1959 751 2015 quibus
782 1967 892 2002 ante
931 1957 1040 2012 dixi,
1060 1971 1221 2002 verum
1252 1956 1393 2002 etiam
1426 1956 1487 2001 ad
1519 1958 1747 2002 Catonem
1768 1971 1938 2011 meum,
1967 1957 2075 2014 ⁸quo

588 2046 726 2077 nemo
740 2032 807 2076 vir
827 2031 989 2075 melior
1006 2039 1140 2075 natus
1156 2039 1242 2086 est,
1258 2043 1395 2075 nemo
1412 2030 1584 2087 pietate
1600 2031 1922 2088 praestantior,
1944 2031 2072 2089 cujus

583 2119 612 2149 a
642 2119 718 2149 me
753 2118 922 2161 corpus
944 2111 1201 2147 crematum
1232 2101 1501 2158 est—⁴qu0d
1534 2112 1696 2147 contra
1725 2103 1880 2148 decuit
1903 2104 1964 2147 ab
1995 2103 2072 2148 illo

586 2175 1003 2221 meum—‘’animus
1026 2190 1133 2220 vero
1154 2189 1248 2219 non
1270 2189 1343 2220 me
1365 2176 1602 2230 deserens,
1618 2179 1700 2220 sed
1722 2185 2006 2234 respectans,
2026 2176 2071 2220 in

587 2263 643 2293 ea
679 2248 884 2306 profecto
919 2248 1024 2292 loca
1058 2248 1287 2304 discessit,
1315 2260 1406 2304 quo
1442 2248 1554 2291 mihi
1592 2248 1678 2305 ipsi
1720 2250 1941 2294 cernebat
1971 2263 2073 2294 esse

586 2320 878 2365 veniendum.
943 2319 1115 2377 ‘Quem
1146 2333 1236 2376 ego
1256 2333 1412 2364 meum
1433 2333 1594 2363 casum
1613 2318 1792 2364 foititer
1810 2319 1928 2364 serre
1950 2320 2072 2364 visus

589 2407 720 2438 sum:
755 2407 848 2437 non
880 2405 970 2448 quo
1001 2405 1149 2448 aequo
1185 2393 1341 2436 animo
1376 2393 1573 2447 ferrem;
1611 2392 1694 2437 sed
1729 2407 1805 2438 me
1835 2393 1935 2450 ipse
1966 2406 2072 2437 con-

586 2466 783 2522 solabar,
803 2466 1073 2511 existimans
1103 2480 1198 2510 non
1228 2466 1529 2523 longinquum
1560 2467 1680 2510 inter
1709 2480 1796 2510 nos
1816 2466 2073 2523 digressum

586 2549 632 2586 et
645 2540 905 2585 discessum
919 2539 1029 2585 fore.
1072 2538 1180 2593 §86.
1207 2538 1317 2584 ²His
1335 2539 1449 2584 mihi
1466 2540 1619 2596 rebus,
1635 2540 1931 2598 Scipio‚—¹id
1949 2539 2071 2585 enim

583 2621 630 2659 te
651 2627 757 2658 cum
797 2612 955 2675 Laelio
982 2611 1201 2657 admirari
1233 2613 1381 2658 solere
1401 2612 1731 2659 dixisti—levis
1752 2621 1822 2659 est
1844 2621 2074 2668 senectus,

584 2700 671 2731 nec
709 2686 858 2731 solum
880 2694 973 2753 pn
1004 2685 1216 2741 molesta,
1237 2685 1319 2731 sed
1339 2686 1481 2731 etiam
1505 2685 1728 2744 jucunda.
1796 2685 1935 2744 Quod
1957 2685 1996 2731 si
2025 2685 2071 2730 in

583 2761 674 2806 hoc
695 2775 811 2817 erro,
839 2758 859 2786 ⁸
877 2752 934 2806 'ui
965 2760 1147 2806 animos
1177 2761 1420 2806 hominum
1441 2761 1726 2807 immortales
1746 2774 1849 2807 esse
1869 2760 2073 2817 credam,

577 2834 777 2881 libenter
781 2767 900 2946 feo
917 2848 930 2889 ;
959 2835 1063 2879 ‘nec
1087 2833 1197 2879 mihi
1228 2833 1351 2879 hunc
1372 2847 1591 2892 errorem,
1610 2845 1702 2891 quo
1722 2833 1943 2891 delector,
1958 2833 2068 2880 dum
