2412 3352
677 388 805 422 cmo
840 387 1006 423 aaron
1043 388 1108 423 m:
1144 387 1447 423 sannorum.
1746 371 1807 419 25

318 509 605 556 domicilium
638 509 920 554 senectutis:
953 522 1178 565 nusquam
1215 508 1339 554 enim
1377 517 1556 553 tantum
1596 505 1809 551 tribuitur

320 582 476 638 aetati,
507 594 735 636 nusquam
771 589 841 626 est
883 591 1096 626 senectus
1130 581 1407 626 honoratior.
1481 579 1625 636 ⁴Quin
1669 577 1810 621 etiam

319 654 589 700 ¹⁵memoriae
618 653 851 711 proditum
884 662 968 709 est,
990 667 1131 710 quum
1161 653 1355 700 Athenis
1392 652 1513 696 ludis
1551 650 1738 707 quidam
1763 649 1807 693 in

320 726 550 773 theatrum
581 725 770 783 grandis
803 734 912 770 natu
945 727 1160 782 venisset,
1180 724 1370 782 ‘magno
1401 738 1623 770 consessu
1656 723 1807 766 locum

322 799 485 844 datum
517 813 545 843 a
578 798 673 843 suis
694 798 872 843 civibus
895 811 1123 854 nusquam
1146 798 1203 853 ei,
1234 812 1374 854 quum
1406 806 1562 842 autem
1585 796 1645 840 ad
1672 796 1809 839 Lace·

321 870 593 916 daemonios
623 870 911 924 accessisset,
930 870 1038 926 '‘qui‚
1067 870 1203 928 legati
1227 884 1366 927 quum
1401 878 1572 923 essent,
1603 877 1729 912 certo
1764 866 1808 910 in

322 944 426 987 loco
466 942 788 997 consederant,
816 942 1177 988 ‘'consurrexisse
1219 957 1381 988 omnes
1415 942 1479 986 illi
1514 941 1729 985 dicuntur
1766 947 1811 984 et

320 1017 499 1060 ¹'senem
517 1015 643 1059 illum
658 1028 838 1059 sessum
853 1015 1094 1072 recepisse.
1129 1014 1151 1068 ἓ
1167 1015 1234 1068 64.
1254 1015 1434 1072 Quibus
1443 1027 1584 1069 quum
1601 1027 1629 1057 a
1643 1021 1811 1057 cuncto

324 1102 546 1133 consessu
579 1089 768 1145 plausus
806 1097 929 1132 esset
965 1087 1219 1147 ¹multiplex
1256 1089 1406 1141 datus,
1439 1087 1611 1131 dixisse
1648 1100 1704 1130 ex
1745 1085 1811 1129 eis

324 1160 555 1216 quendam
594 1160 903 1205 Athenienses
927 1161 1042 1205 scire
1064 1174 1181 1216 quae
1211 1169 1336 1206 recta
1367 1169 1538 1215 essent,
1562 1159 1642 1204 sed
1665 1159 1814 1202 facere

326 1232 460 1277 nolle.
507 1231 676 1276 ²Multa
694 1232 738 1275 in
761 1241 921 1276 nostro
936 1233 1131 1290 collegio
1149 1233 1400 1290 praeclara,
1429 1233 1512 1276 scd
1527 1232 1632 1286 hoc,
1653 1231 1711 1275 de
1727 1243 1816 1285 quo

322 1304 518 1361 agimuS,
551 1305 597 1348 in
620 1304 796 1362 primis,
818 1305 957 1360 quod,
976 1305 1043 1350 ³ut
1080 1307 1271 1360 quisque
1292 1314 1444 1350 aetate
1478 1304 1726 1358 antecedit,
1750 1302 1811 1346 ita

320 1378 577 1422 sententiae
609 1377 917 1435 principatum
950 1386 1090 1433 tenet,
1113 1378 1277 1433 ⁴neque
1302 1378 1451 1422 solum
1474 1377 1650 1421 honore
1682 1384 1809 1420 ante-

319 1450 605 1505 cedentibus,
627 1451 708 1495 sed
732 1451 798 1495 eis
833 1451 987 1506 etiarn,
1009 1452 1083 1507 qui
1120 1466 1226 1496 cum
1254 1451 1446 1509 imperio
1469 1458 1591 1505 sunt,
1613 1450 1812 1507 majores

319 1530 429 1566 natu
452 1537 647 1579 augures
678 1531 1034 1580 anteponuntur.
1101 1525 1230 1580 Quae
1260 1532 1365 1567 sunt
1393 1523 1532 1579 igitur
1552 1523 1813 1579 voluptates

320 1595 526 1651 corporis
541 1609 646 1639 cum
664 1596 951 1640 auctoritatis
970 1596 1186 1652 praemiis
1204 1594 1574 1652 comparandae?
1612 1592 1814 1651 “Quibus

322 1666 398 1722 qui
433 1667 678 1724 splendide
714 1667 784 1711 usi
820 1676 939 1724 sunt,
962 1667 1002 1712 ei
1033 1667 1146 1711 mihi
1169 1668 1382 1712 videntur
1408 1667 1613 1711 fabulam
1648 1665 1813 1710 aetatis

321 1740 568 1796 peregisse,
581 1738 700 1792 ⁶nec,
719 1747 956 1795 tamquam
975 1739 1257 1784 inexercitati
1278 1739 1525 1783 histriones
1543 1739 1590 1782 in
1608 1747 1814 1782 extremo

319 1820 425 1856 actu
443 1813 682 1856 corruisse.
750 1812 773 1866 ἓ
794 1812 862 1868 65.
897 1811 975 1857 ¹At
995 1822 1098 1857 sunt
1115 1813 1301 1867 morosi,
1315 1821 1359 1857 et
1378 1812 1516 1867 anxii,
1531 1821 1576 1856 et
1593 1810 1816 1865 iracundi,

321 1891 367 1928 et
388 1883 599 1928 difficiles
622 1898 770 1928 senes.
838 1885 885 1928 Si
920 1885 1197 1940 quaerimus,
1219 1885 1360 1928 etiam
1396 1885 1555 1938 avari;
1589 1883 1670 1927 sed
1702 1884 1818 1927 haec

322 1953 518 1999 ²morum
548 1957 658 2000 vitia
688 1966 810 2011 sunt,
834 1971 926 2000 non
957 1958 1220 2001 senectutis.
1285 1959 1353 2001 Ac
1383 1957 1629 2001 morositas
1659 1965 1816 2000 tamen

322 2034 367 2071 et
389 2041 444 2071 ea
461 2028 585 2082 vitia,
599 2041 716 2083 quae
733 2029 1023 2084 dixi‚habent
1042 2030 1213 2083 aliquid
1231 2027 1678 2085 excusationis,³non
1695 2028 1817 2072 illius

321 2099 507 2154 quidem
522 2099 691 2157 justae,
708 2101 789 2145 sed
809 2114 926 2156 quae
949 2101 1130 2157 probari
1149 2115 1283 2157 posse
1302 2101 1512 2146 videatur
1532 2116 1541 2144 ε
1577 2099 1813 2144 contemni

322 2185 372 2217 se
412 2182 590 2229 putant,
631 2174 823 2229 despici,
858 2174 1000 2217 illudi.
1066 2175 1309 2218 Praeterea
1339 2173 1404 2217 ⁴in
1440 2173 1590 2230 fragili
1625 2186 1817 2230 corpore

320 2244 482 2288 odiosa
515 2246 666 2289 omnis
688 2245 883 2289 offensio
916 2255 999 2290 est.
1063 2243 1223 2303 ⁵Quae
1252 2255 1408 2290 tamen
1431 2246 1588 2289 omnia
1610 2245 1817 2289 dulciora

321 2314 435 2360 fiunt
457 2325 501 2361 et
536 2318 741 2361 moribus
764 2318 898 2360 bonis
930 2326 975 2362 et
1007 2319 1197 2372 artibus,
1233 2318 1368 2374 idque
1390 2332 1494 2362 cum
1517 2318 1564 2361 in
1588 2317 1696 2372 vita,
1717 2326 1816 2361 tum

325 2388 371 2432 in
404 2403 571 2434 scaena
604 2390 806 2447 intellegi
830 2400 982 2447 potest
1006 2406 1060 2435 ex
1081 2392 1147 2435 eis
1168 2392 1399 2448 fratribus,
1422 2393 1496 2447 qui
1520 2392 1566 2435 in
1602 2391 1819 2447 Adelphis

324 2472 442 2507 sunt.
506 2464 693 2519 Quanta
726 2463 772 2507 in
804 2465 948 2508 altero
970 2464 1165 2519 ⁷diritas‚
1187 2465 1233 2508 in
1267 2466 1412 2509 altero
1443 2466 1671 2509 comitas!
1738 2465 1814 2508 Sic

323 2547 372 2578 se
392 2548 464 2579 res
486 2536 656 2579 habet:
689 2544 737 2580 ut
771 2536 896 2580 enim
934 2551 1027 2580 non
1062 2551 1199 2581 omne
1237 2537 1411 2592 vinum,
1433 2538 1497 2581 sic
1534 2551 1628 2581 non
1663 2536 1816 2580 omnis

324 2615 486 2651 natura
502 2616 731 2653 vetustate
740 2610 982 2654 coacescit.
1020 2610 1322 2654 Severitatem
1338 2610 1383 2653 in
1401 2619 1638 2654 senectute
1655 2611 1816 2666 probo,

322 2678 402 2723 sed
434 2694 554 2734 eam,
580 2681 697 2726 sicut
718 2681 821 2737 alia,
855 2682 1118 2735 modicam;
1149 2684 1449 2728 acerbitatem
1481 2684 1607 2727 nullo
1640 2683 1814 2734 modo;

324 2753 534 2797 ''avaritia
555 2768 663 2797 vero
686 2754 844 2799 senilis
867 2755 975 2810 quid
999 2755 1086 2799 sibi
1109 2758 1219 2800 velit
1246 2770 1336 2799 non
1361 2757 1591 2813 intellego.
1658 2757 1816 2800 Potest

325 2823 447 2868 enim
476 2826 726 2881 quidquam
763 2841 866 2871 esse
907 2827 1153 2873 absurdius
1195 2826 1365 2884 ⁸quam,
1399 2842 1489 2884 quo
1522 2829 1676 2873 minus
1714 2828 1815 2874 viae

327 2903 482 2952 restot,
502 2911 558 2942 eo
579 2898 683 2955 plus
705 2897 860 2943 viatici
883 2899 1133 2955 quaerere?
