2404 3336
491 305 553 353 24
956 315 1008 352 u.
1046 316 1197 353 ‘tunm
1233 318 1497 354 emmonis

488 438 705 485 tesimum
719 451 892 483 annum
908 438 1363 496 perduxisse,⁴quum
1380 448 1499 485 esset
1518 447 1624 484 acta
1639 439 1739 496 jam
1756 446 1909 484 aetate
1926 438 1974 484 in

485 512 624 569 agris,
641 524 812 569 eosque
844 510 1029 567 coleret,
1060 511 1190 569 cujus
1217 511 1335 557 inter
1368 512 1567 569 primum
1596 520 1640 556 et
1662 519 1842 556 sextum
1866 525 1977 555 con-

487 583 689 629 sulatum
704 597 783 627 sex
796 590 841 628 et
858 582 1164 641 quadraginta
1185 584 1293 627 anni
1313 584 1627 628 interfuerunt.
1663 585 1735 627 Ita
1752 591 1976 638 quantum

488 656 690 714 spatium
718 655 883 701 aetatis
911 654 1108 712 majores
1131 656 1273 699 nostri
1295 652 1374 699 ⁶ad
1398 655 1647 699 senectutis
1668 655 1851 700 initium
1872 669 1979 700 esse

486 729 743 784 voluerunt,
762 731 936 773 ‘tantus
971 727 1034 771 illi
1056 742 1219 772 cursus
1250 729 1478 772 honorum
1500 728 1598 773 suit.
1665 730 1818 784 Atque
1839 728 1978 785 hujus

487 809 694 847 extrema
714 809 840 845 aetas
863 800 950 844 hoc
973 800 1150 845 beatior
1181 814 1319 856 quam
1350 801 1519 855 media,
1541 801 1663 856 quod
1686 801 1978 846 auctoritatis

489 873 593 933 plus
610 873 826 928 habebat,
848 872 1019 916 laboris
1037 887 1144 917 vero
1161 874 1327 918 minus.
1380 875 1528 931 '‘Apex
1550 882 1704 918 autem
1728 874 1982 919 senectutis

484 953 555 991 est
576 946 839 990 auctoritas.
907 943 1019 998 56¹.
1044 943 1250 1003 ²Quanta
1272 946 1355 991 suit
1384 947 1429 990 in
1457 947 1501 991 L.
1529 947 1733 991 Caecilio
1763 947 1978 991 Metello!

489 1018 678 1075 Quanta
699 1017 745 1062 in
768 1018 910 1061 Atilio
925 1018 1138 1062 Calatino
1160 1021 1169 1063 l
1203 1019 1249 1062 in
1267 1033 1406 1076 quem
1429 1018 1540 1062 illud
1555 1019 1783 1075 elogium:

723 1117 840 1161 hunc
861 1117 1024 1162 ²unwm
1037 1118 1266 1174 plurimae
1287 1119 1569 1162 vomentium
1589 1122 1734 1176 yentes

719 1189 882 1247 populi
915 1190 1197 1246 primarium
1227 1191 1371 1247 fuisse
1403 1191 1562 1235 virum.

496 1295 675 1340 Notum
715 1304 785 1340 est
814 1294 1023 1339 ³carmen
1056 1295 1254 1339 incisum
1283 1295 1330 1339 in
1375 1295 1598 1352 sepulcro.
1679 1294 1814 1352 ⁴Jure
1850 1295 1989 1351 igitur

491 1367 660 1425 gravis,
679 1367 808 1424 cujus
825 1367 884 1411 de
907 1366 1123 1411 laudibus
1145 1368 1354 1412 omnium
1377 1376 1497 1412 esset
1516 1367 1642 1411 fama
1663 1368 1981 1413 consentiens.

495 1441 646 1497 Quem
691 1438 839 1483 virum
884 1440 931 1483 P.
968 1440 1205 1492 Crassum,
1236 1437 1401 1496 ⁶nuper
1431 1440 1697 1496 pontificem
1735 1439 1989 1483 maximum

491 1523 628 1566 quem
661 1518 825 1567 postea
867 1511 929 1553 M.
971 1502 1199 1567 Lepidum
1235 1511 1400 1555 eodem
1426 1511 1688 1556 sacerdotio
1712 1511 1992 1568 praeditum,

486 1584 718 1629 vidimus!
780 1583 905 1640 Quid
946 1583 1004 1627 de
1045 1584 1187 1627 Paulo
1219 1593 1296 1629 aut
1331 1585 1550 1628 Africano
1583 1585 1778 1639 loquar?
1808 1593 1901 1636 aut,
1935 1593 1984 1629 ut

484 1656 584 1712 jam
613 1663 738 1710 ante,
759 1654 817 1699 de
855 1655 1094 1699 Maximo?
1125 1669 1319 1711 quorum
1353 1670 1446 1700 non
1478 1656 1524 1700 in
1557 1657 1791 1701 sententia
1823 1657 1990 1704 solum,

489 1727 574 1772 sed
594 1727 737 1772 etiam
758 1727 804 1771 in
836 1736 948 1772 nutu
971 1728 1205 1772 residebat
1237 1729 1501 1773 auctoritas
1574 1729 1729 1773 Habet
1754 1737 1989 1784 senectus,

491 1799 738 1845 ⁶honorata
760 1801 1240 1859 praesertim,tantam
1260 1803 1599 1859 auctoritatam,
1615 1812 1662 1848 ut
1684 1818 1740 1847 ea
1763 1803 1906 1859 pluris
1930 1802 1990 1847 sit

499 1887 638 1931 quam
659 1888 821 1919 omnes
844 1874 1191 1919 adulescentiae
1214 1876 1487 1933 voluptateS.

557 1989 834 2049 XV111.-§
858 1991 928 2036 62.
964 1991 1057 2036 Sed
1079 1990 1142 2035 ¹in
1179 1993 1305 2036 omni
1327 1993 1536 2037 oratione
1567 2001 1852 2037 mementote
1881 2006 1989 2037 eam

495 2080 572 2110 me
603 2064 793 2109 laudare
826 2072 1127 2117 senectutem,
1148 2078 1267 2122 quae
1297 2064 1615 2109 fundamentis
1645 2065 1992 2109 adulescentiae

500 2138 753 2183 constituta
794 2137 865 2181 sit.
932 2137 1029 2180 ²Ex
1060 2152 1153 2194 quo
1186 2138 1382 2182 efficitur
1413 2138 1646 2196 id—quod
1687 2153 1776 2195 ego
1818 2152 1992 2194 magno

499 2210 738 2268 quondam
755 2223 861 2253 cum
876 2223 1069 2253 assensu
1086 2210 1296 2254 omnium
1311 2210 1686 2254 dixi—miseram
1703 2224 1809 2254 esse
1827 2224 1987 2253 senec-

498 2292 661 2338 tutem,
677 2280 812 2338 ⁸quae
826 2296 875 2326 se
897 2282 1105 2326 oratione
1119 2283 1402 2327 defenderet.
1458 2284 1565 2326 Non
1584 2283 1720 2336 *cani‚
1738 2296 1833 2326 non
1848 2296 1992 2338 rugae

499 2364 688 2413 repente
720 2354 1041 2398 auctoritatem
1074 2354 1277 2411 arripere
1312 2363 1522 2411 possunt,
1545 2354 1628 2398 sed
1659 2354 1855 2398 honeste
1885 2362 1994 2398 acta

498 2428 707 2485 superior
736 2437 866 2472 aetas
895 2425 1088 2472 ⁵fructus
1110 2428 1235 2484 capit
1257 2428 1545 2472 auctoritatis
1570 2435 1814 2472 extremos.
1876 2425 1899 2480 ἓ
1920 2426 1992 2482 63.

506 2501 637 2545 Haec
652 2499 777 2544 enim
793 2500 895 2556 ipsa
911 2508 1017 2544 sunt
1031 2500 1336 2554 honorabilia,
1354 2512 1471 2555 quae
1488 2500 1701 2544 videntur
1717 2499 1838 2544 levia
1853 2508 1993 2554 atque

501 2572 1046 2628 communia—¹salutari,
1077 2572 1250 2629 appeti,
1270 2572 1450 2627 decedi,
1470 2571 1666 2628 assurgi,
1701 2571 1886 2626 deduci,
1925 2586 1995 2617 re-

501 2645 625 2701 duci,
645 2645 840 2696 consuli,
860 2645 994 2700 ²quae
1015 2654 1060 2690 et
1092 2645 1216 2701 apud
1250 2659 1351 2700 n05,
1371 2653 1418 2689 et
1439 2645 1485 2688 in
1508 2645 1611 2688 aliis
1643 2644 1924 2700 civitatibus,
1945 2652 1996 2689 ut

499 2730 709 2774 quaeque
745 2717 918 2775 optime
948 2726 1143 2773 morata,
1179 2717 1245 2762 ita
1284 2717 1640 2774 diligentissime
1675 2718 1997 2761 observantur.

504 2789 796 2847 Lysandrum
816 2789 1396 2848 Lacedaemonium,cujus
1409 2789 1567 2833 ³modo
1584 2789 1872 2833 mentionem
1888 2788 1997 2848 feci,

500 2859 657 2907 dicere
676 2860 805 2906 aiunt
840 2861 1043 2918 solitum,
1068 2861 1469 2907 Lacedaemonem
1488 2875 1592 2907 esse
1612 2860 1998 2907 honestissimum
