2420 3400
583 333 643 379 30
1050 345 1101 381 Μ.
1140 346 1290 381 'tunm
1327 349 1593 383 orcenoms

573 481 722 523 paene
741 467 1045 522 nostros‚²qui
1062 476 1217 513 essent
1234 467 1390 513 Italici
1403 469 1652 526 philosophi
1670 470 1903 526 quondam
1921 471 2066 515 nomi-

574 540 687 594 nati,
710 552 947 594 nunquam
979 539 1232 585 dubitasse.
1256 542 1363 596 quin
1396 556 1451 586 ex
1477 543 1691 586 universa
1723 552 1878 587 mente
1909 543 2065 587 divina

569 611 816 656 ³delibatos
859 612 1040 655 animos
1084 612 1372 657 haberemus.
1436 614 1535 659 *De
1557 616 1918 660 nonstrabantur
1949 616 2063 659 mihi

570 693 822 741 praeterea,
845 697 904 740 qu
918 699 962 729 ie
994 687 1208 729 Socrates
1232 701 1447 743 supremo
1467 688 1587 732 vitae
1618 688 1691 731 die
1718 689 1775 731 de
1800 688 2066 733 immortali-

570 765 664 802 tate
681 757 943 800 animorum
957 756 1265 812 disseruisset,
1281 755 1352 813 ⁵is‚
1368 759 1444 813 qui
1460 769 1578 803 esset
1598 760 1805 802 omnium
1824 759 2065 816 sapientis-

570 829 717 873 simus
736 829 922 874 oraculo
940 829 1169 886 Apollinis
1185 830 1432 887 judicatus.
1479 831 1603 887 Quid
1622 832 1792 875 multa?
1832 830 1935 876 “sic
1956 832 2064 876 mihi

570 901 794 958 persuasi,
816 902 882 946 sic
916 902 1094 946 sentio:
1134 915 1274 957 quum
1297 911 1426 947 tanta
1458 903 1669 947 celeritas
1700 904 1959 947 animorum
1992 903 2067 959 sit,

565 982 696 1018 tanta
719 974 944 1017 memoria
966 974 1330 1031 praeteritorum,
1348 975 1695 1030 futurorumque
1716 976 1976 1032 prudentia,
1998 984 2066 1021 tot

567 1056 690 1091 artes
706 1054 863 1091 tantae
881 1046 1119 1101 scientiae,
1133 1054 1199 1091 tot
1216 1046 1417 1102 inventa,
1432 1060 1524 1090 non
1547 1061 1685 1104 posse
1701 1062 1805 1092 eam
1819 1048 2065 1103 ⁷naturam,

570 1132 688 1173 quae
712 1133 783 1162 res
805 1132 884 1162 eas
907 1118 1157 1172 contineat,
1179 1132 1282 1162 esse
1308 1119 1547 1163 mortalem
1570 1134 1578 1163 :
1612 1121 1861 1175 ⁸quumque
1883 1134 2065 1177 semper

565 1192 768 1247 agitetur
789 1190 987 1245 animus,
1002 1204 1087 1235 nec
1105 1191 1384 1248 principium
1405 1200 1553 1235 motus
1571 1191 1757 1246 habeat,
1773 1192 1879 1246 quia
1896 1206 1945 1236 se
1964 1192 2063 1248 ipse

572 1271 771 1319 moveat,
802 1276 860 1307 ne
893 1262 1034 1306 finem
1077 1262 1264 1318 quidem
1305 1263 1570 1307 habiturum
1613 1277 1715 1307 esse
1762 1272 1924 1319 motus,
1957 1263 2063 1319 quia

574 1348 812 1391 nunquam
844 1349 895 1380 se
928 1335 1027 1392 ipse
1045 1335 1104 1379 sit
1133 1336 1404 1380 relicturus:
1440 1345 1485 1380 et
1504 1335 1665 1391 ⁹quum
1697 1336 1890 1392 simplex
1921 1337 2063 1381 animi

574 1417 739 1453 natura
772 1416 911 1463 esset,
942 1420 1092 1463 neque
1124 1407 1315 1452 haberet
1358 1408 1404 1452 in
1442 1422 1491 1452 se
1524 1408 1775 1463 quidquam
1807 1408 2062 1453 admixtum

571 1481 734 1538 dispar
757 1480 826 1524 sui
848 1488 987 1536 atque
1009 1479 1252 1535 dissimile,
1269 1495 1362 1525 non
1384 1495 1523 1538 posse
1544 1495 1652 1525 eum
1672 1481 1816 1525 dividi
1840 1496 1850 1534 ;
1881 1482 2005 1537 quod
2028 1481 2066 1526 si

571 1567 663 1597 non
682 1561 958 1610 posset,non
975 1566 1114 1609 posse
1128 1552 1313 1597 interire
1332 1568 1340 1597 :
1365 1551 1659 1610 ¹⁰magnoque
1672 1567 1773 1597 esse
1790 1563 2062 1610 argumento

572 1627 785 1671 homines
823 1626 940 1671 scire
977 1627 1194 1683 pleraque
1228 1635 1338 1671 ante
1374 1639 1512 1682 quam
1545 1627 1642 1670 nati
1680 1627 1785 1682 sint,
1813 1628 1934 1682 quod
1962 1628 2061 1685 jam

570 1700 715 1756 pueri,
738 1713 880 1755 quum
911 1707 1034 1743 artes
1055 1699 1267 1744 difficiles
1299 1700 1496 1756 discant,
1519 1699 1582 1744 ita
1604 1699 1812 1744 celeriter
1840 1714 1911 1744 res
1933 1700 2064 1744 innu-

569 1772 812 1817 merabiles
834 1771 1071 1829 arripiant,
1094 1781 1142 1816 ut
1164 1786 1245 1816 eas
1263 1786 1355 1815 non
1374 1780 1472 1816 tum
1494 1772 1693 1829 primum
1709 1772 1918 1829 accipere
1936 1772 2059 1817 vide·

567 1853 720 1898 antur,
742 1844 824 1888 sed
858 1843 1089 1888 reminisci
1120 1851 1167 1888 et
1201 1844 1448 1889 recordari.
1522 1844 1697 1888 ¹¹Haec
1725 1845 1931 1889 Platonis
1952 1844 2061 1890 sere.

621 1959 869 2018 XXII.-—§
896 1971 965 2018 79.
1027 1961 1194 2018 ¹Apud
1239 1961 1603 2019 Xenophontem
1648 1970 1817 2016 autem,
1857 1962 2059 2006 moriens

560 2035 710 2091 Cyrus
733 2033 881 2090 major
907 2034 1022 2078 haec
1045 2034 1160 2078 dicit
1183 2034 1435 2079 2——²Nolite
1464 2034 1707 2089 arbitrari,
1729 2048 1754 2076 ο
1777 2034 1899 2078 milei
1915 2036 2057 2078 caris-

559 2108 677 2150 simi
677 2107 800 2163 filii,
820 2119 905 2161 me,
926 2120 1075 2163 quum
1096 2121 1125 2150 a
1147 2106 1279 2150 vobis
1306 2107 1565 2162 discessero,
1588 2121 1822 2164 nusquam
1843 2113 1930 2151 ant
1950 2107 2055 2151 nul-

563 2180 662 2223 lum
668 2183 790 2235 J‘ore.
849 2179 949 2223 Nec
962 2180 1103 2234 enim,
1115 2178 1245 2222 ³dum
1262 2194 1390 2223 eram
1408 2181 1659 2235 vobiscum,
1673 2182 1887 2223 animum
1902 2193 2055 2223 meum

561 2255 823 2299 videbatis:
853 2255 938 2297 sed
961 2268 1066 2297 eum
1089 2267 1181 2297 esse
1201 2255 1251 2297 in
1284 2254 1367 2298 lzoc
1386 2258 1586 2312 corpore,
1616 2269 1676 2297 er
1702 2256 1762 2297 iis
1787 2256 1918 2299 rebus
1937 2268 2057 2311 quas

565 2328 1139 2386 gerebmnnhteffegebatzs.
1162 2326 1229 2370 *E
1231 2328 1399 2371 undem
1414 2329 1569 2385 igitur
1579 2343 1672 2371 esse
1679 2330 1907 2383 creditate,
1915 2329 2055 2371 etiam

562 2402 608 2444 si
622 2400 810 2444 nullum
829 2401 1058 2443 videbitis.
1108 2398 1212 2453 §82
1238 2400 1335 2444 Nec
1347 2414 1459 2444 vero
1472 2400 1708 2444 clarorum
1724 2401 1939 2444 virorum
1952 2404 2059 2457 post

563 2478 755 2516 mortem
786 2472 981 2515 honores
1005 2476 1350 2530 permanerent,
1394 2470 1458 2515 ¹si
1494 2473 1623 2515 nihil
1650 2486 1808 2516 eorum
1842 2473 2052 2529 ipsorum

562 2547 719 2589 animi
746 2546 982 2603 efficerent,
1014 2560 1104 2602 quo
1144 2546 1329 2588 diutius
1359 2546 1630 2588 memoriam
1670 2546 1751 2588 sui
1778 2549 2049 2588 teneremus.

562 2616 716 2660 *Mihi
731 2617 917 2674 quidem
937 2631 1182 2674 nunquam
1194 2618 1476 2674 persuaderi
1482 2621 1647 2675 potuit
1661 2618 1856 2671 animos,
1873 2617 1985 2659 dum
2004 2617 2054 2659 in

559 2690 825 2746 corporibus
864 2694 1014 2733 essent
1044 2689 1321 2732 mortalibus
1360 2690 1536 2745 vivere,
1579 2703 1725 2746 quum
1758 2691 1962 2732 exissent
2000 2701 2058 2731 ex

555 2762 637 2817 eis,
678 2762 855 2805 emori:
906 2776 987 2805 nec
1025 2776 1137 2805 vero
1178 2766 1280 2805 tum
1320 2763 1535 2805 animum
1586 2776 1680 2805 esse
1727 2760 2058 2819 ³t‘nsipientem,

558 2848 707 2891 quum
748 2847 807 2879 ex
834 2836 1086 2893 insipienti
1107 2838 1299 2893 corpore
1337 2836 1591 2888 evasisset;
1621 2834 1722 2879 *sed
1749 2849 1896 2892 quum
1927 2835 2059 2878 omni

555 2908 846 2953 admixtione
864 2911 1073 2967 corpores
1090 2908 1317 2954 liberatus
1331 2911 1489 2967 purus
1516 2913 1562 2953 et
1581 2909 1762 2966 integer
1780 2921 1872 2952 esse
1890 2907 2054 2965 coepis-
