2428 3400
723 375 848 409 CATO
885 376 1049 410 imon
1085 377 1152 411 m:
1186 378 1489 412 sannorum-1⁴3.
1787 370 1848 417 29

369 500 601 543 obstruere
629 497 907 550 voluerunt3
940 512 1030 542 non
1064 513 1199 542 avum
1234 508 1380 554 tuum,
1412 500 1460 542 L.
1503 500 1726 557 Paullum,
1758 504 1850 558 ⁴qui

366 579 508 616 morte
539 570 619 613 luit
642 569 846 624 collegae
879 569 925 612 in
964 570 1196 613 Cannensi
1230 571 1484 626 ignominia
1508 572 1814 617 temeritatem
1839 590 1849 626 ;

371 658 458 688 non
488 643 547 685 M.
577 641 864 696 Marcellum,
880 640 1028 697 ⁵cujus
1052 642 1286 685 interitum
1310 657 1365 686 ne
1388 644 1732 688 crudelissimus
1756 646 1851 701 qui-

369 718 471 761 dem
513 715 658 758 hostis
700 715 875 758 honore
919 715 1177 771 sepulturae
1213 730 1369 759 carere
1410 730 1576 772 passus
1618 727 1686 761 est
1718 735 1725 763 :
1769 720 1849 763 sed

368 789 568 846 legiones
590 795 787 841 nostras,
802 785 944 842 ⁶quod
963 787 1124 843 scripsi
1148 788 1192 830 in
1212 787 1487 842 Ονὶῃίηίὸιω,
1509 789 1554 830 in
1570 804 1675 832 eum
1697 790 1850 834 locum

370 875 503 918 saepe
525 860 755 917 profectas
775 858 933 903 'alacri
955 860 1111 916 animo
1133 868 1176 903 et
1197 869 1364 915 erecto,
1380 860 1521 904 ⁸unde
1545 875 1594 905 se
1618 876 1852 918 nunquam

368 934 589 978 redituras
629 932 972 975 arbitrarentur.
1036 932 1172 987 Quod
1209 932 1348 987 igitur
1377 933 1713 988 adulescentes,
1736 944 1780 979 et
1812 936 1852 980 ei

368 1006 550 1061 quidem
572 1018 664 1047 non
686 1004 835 1047 solum
857 1004 1045 1058 indocti,
1069 1004 1151 1047 sed
1174 1005 1315 1048 etiam
1342 1006 1512 1060 rustici,
1535 1015 1855 1056 contemnunt.

371 1078 413 1121 id
426 1077 549 1121 docti
568 1091 701 1120 senes
716 1076 1041 1120 extimesccnt?
1074 1074 1097 1128 ἓ
1116 1075 1181 1129 76.
1206 1076 1452 1131 ¹Omnino,
1469 1086 1517 1121 ut
1537 1078 1647 1120 mihi
1666 1079 1853 1133 quidem

369 1150 557 1202 videtur,
579 1149 835 1193 studiorum
858 1148 1065 1191 omnium
1088 1148 1276 1192 satietas
1300 1148 1418 1193 vitae
1442 1149 1548 1192 facit
1578 1151 1851 1195 satietatem.

374 1225 485 1266 Sunt
527 1221 748 1278 pueritiae
785 1229 910 1264 certa
946 1220 1117 1263 ²studia
1140 1235 1148 1263 z
1183 1235 1293 1264 num
1333 1220 1468 1276 igitur
1497 1236 1552 1265 ea
1589 1222 1851 1268 desiderant

368 1293 717 1338 adulescentes?
776 1290 920 1336 ⁸Sunt
952 1300 996 1335 et
1029 1292 1228 1336 ineuntis
1250 1292 1595 1337 adulescentiae
1620 1309 1628 1336 :
1662 1309 1773 1338 num
1796 1310 1850 1339 ea

365 1368 600 1410 ⁴constans
625 1366 724 1422 jam
756 1364 943 1419 requirit
974 1373 1117 1418 aetas,
1151 1377 1265 1419 quae
1297 1366 1444 1408 media
1476 1366 1674 1410 dicitur?
1738 1371 1854 1412 Sunt

372 1439 507 1483 etiarn
524 1438 659 1494 hujus
678 1437 869 1481 aetatis:
892 1450 951 1480 ne
969 1450 1022 1480 ea
1038 1437 1225 1492 quidem
1241 1447 1521 1492 quaeruntur
1539 1439 1585 1481 in
1605 1449 1856 1484 senectute.

374 1513 486 1554 Sunt
502 1518 706 1554 extrema
721 1510 952 1565 quaedam
970 1509 1121 1552 studia
1140 1509 1389 1553 senectutis
1412 1524 1420 1552 ε
1455 1525 1580 1566 ergo,
1595 1510 1660 1554 ⁵ut
1686 1514 1857 1569 superi-

372 1596 498 1625 orum
519 1590 725 1625 aetatum
756 1582 909 1625 studia
941 1580 1176 1634 occidunt,
1197 1581 1260 1624 sic
1293 1581 1510 1638 occidunt
1533 1583 1672 1626 etiam
1701 1597 1857 1628 senec-

372 1655 489 1698 tutis.
555 1655 690 1711 Quod
713 1667 855 1710 quum
876 1653 1043 1708 evenit,
1065 1653 1253 1698 satietas
1276 1654 1398 1697 vitae
1421 1662 1603 1711 tempus
1626 1664 1853 1699 maturum

378 1726 533 1770 mortis
550 1726 695 1772 affert.

431 1844 645 1896 ΧΧΙ.-Ξ
668 1855 736 1898 77.
768 1844 999 1898 Equidem
1015 1856 1106 1886 non
1124 1843 1274 1891 video.
1288 1844 1401 1896 ¹cur,
1415 1844 1525 1898 quid
1544 1844 1643 1900 ipse
1661 1845 1857 1888 sentiam

378 1916 432 1960 de
453 1925 614 1972 morte,
636 1931 728 1959 non
751 1916 950 1961 audeam
972 1916 1102 1958 vobis
1134 1915 1300 1969 dicere,
1322 1916 1463 1970 ²quod
1484 1930 1539 1959 eo
1563 1916 1727 1960 melius
1750 1918 1859 1959 mihi

379 2002 556 2033 cernere
590 1988 763 2043 videor,
789 2001 878 2042 quo
909 1988 971 2031 ob
1003 2001 1057 2031 ea
1087 1987 1275 2044 propius
1306 1988 1485 2031 absum.
1551 1989 1653 2043 Ego
1686 1997 1863 2032 vestros

378 2069 540 2115 patres,
561 2061 609 2104 Ρ.
638 2061 808 2117 Scipio,
825 2069 980 2115 tuque,
996 2061 1044 2103 C.
1063 2059 1204 2114 Laeli,
1219 2059 1338 2103 viros
1355 2060 1636 2103 clarissimos
1659 2061 1863 2116 mihique

379 2132 696 2187 amicissimos,
717 2133 870 2176 vivere
891 2132 1087 2175 arbitror
1105 2147 1116 2184 ;
1149 2139 1195 2174 et
1215 2133 1335 2175 ³eam
1358 2131 1543 2185 quidem
1565 2132 1723 2188 vitam,
1746 2145 1863 2187 quae

381 2214 444 2248 est
467 2206 563 2248 sola
586 2205 680 2249 vita
701 2205 1000 2248 nominanda.
1066 2205 1206 2252 Nam„
1224 2204 1334 2247 dum
1359 2217 1517 2247 sumus
1536 2205 1699 2248 inclusi
1723 2206 1769 2248 in
1791 2206 1863 2249 his

380 2278 693 2335 ⁴compagibus
708 2276 1143 2334 corporis‚⁵munere
1161 2277 1362 2330 quodam
1373 2278 1661 2320 necessitatis
1677 2287 1720 2321 et
1734 2280 1863 2334 gravi

381 2364 510 2406 opere
525 2351 842 2407 perfungimur
864 2366 870 2393 :
896 2359 965 2394 est
985 2349 1107 2392 enim
1121 2348 1302 2392 animus
1320 2349 1534 2392 caelestis
1547 2351 1619 2393 “ex
1636 2350 1862 2394 altissimo

382 2423 610 2466 domicilio
641 2423 889 2479 depressus
921 2431 966 2466 et
990 2422 1115 2476 quasi
1151 2420 1392 2464 demersus
1425 2422 1469 2464 in
1503 2430 1687 2475 terram,
1710 2423 1861 2467 locum

319 2495 322 2537 ζ
382 2495 558 2540 divinae
576 2505 767 2539 naturae
784 2494 1150 2548 ⁷aeternitatique
1164 2496 1456 2537 contrarium.
1494 2495 1734 2538 Setlcredo
1752 2495 1865 2539 deos

384 2566 911 2625 immortales³sparsisse
929 2567 1108 2610 animos
1127 2568 1169 2608 in
1192 2582 1382 2623 corpora
1402 2567 1618 2616 humana,
1631 2576 1676 2610 ut
1693 2578 1863 2622 essent,

383 2641 454 2696 qui
475 2651 618 2686 terras
651 2650 899 2695 tuerentur,
920 2641 1100 2695 quique,
1122 2641 1389 2684 caelestium
1420 2641 1629 2683 ordinem
1662 2650 1865 2685 contem—

385 2714 572 2770 plantes,
610 2714 898 2757 imitarentur
932 2727 1041 2756 eum
1073 2713 1191 2756 vitae
1229 2711 1386 2755 ⁹modo
1420 2722 1554 2766 atque
1585 2714 1858 2757 constantia.

366 2789 368 2791 ’
389 2787 481 2831 Nec
500 2801 574 2830 me
588 2787 736 2830 solum
752 2786 901 2829 ¹⁰ratio
915 2800 954 2828 a‹
985 2785 1238 2840 disputatio
1258 2785 1506 2841 impulit,ut
1525 2785 1584 2829 ita
1606 2786 1839 2829 crederem
1859 2804 1868 2837 5,

386 2859 460 2902 sed
484 2859 700 2903 nobilitas
716 2859 858 2903 etiam
875 2857 1191 2901 ¹1summorum
1210 2858 1590 2914 philosophorum
1606 2867 1649 2901 et
1672 2860 1864 2903 auctori—

384 2940 459 2976 tas.
512 2931 620 2986 §78.
646 2933 909 2976 Audiebam
933 2931 1228 2987 Pythagoran
1250 2930 1656 2987 Pythagoriosque,
1674 2931 1867 2976 ¹incolas·

2227 2350 2231 2360 ⁴,
2228 2313 2230 2321 0
2228 2299 2231 2306 .
2219 2147 2231 2291 mamm-mamam
2218 2048 2231 2140 ,α’-γυ.-ε-,ιώ
