<?xml version="1.0" encoding="UTF-8"?>
<!DOCTYPE html PUBLIC "-//W3C//DTD XHTML 1.0 Transitional//EN"
    "http://www.w3.org/TR/xhtml1/DTD/xhtml1-transitional.dtd">
<html xmlns="http://www.w3.org/1999/xhtml" xml:lang="en" lang="en">
 <head>
  <title>
</title>
<meta http-equiv="Content-Type" content="text/html;charset=utf-8" />
  <meta name='ocr-system' content='tesseract 3.04.00' />
  <meta name='ocr-capabilities' content='ocr_page ocr_carea ocr_par ocr_line ocrx_word'/>
</head>
<body>
  <div class='ocr_page' id='page_1' title='image "./cihm_10694_0055.png"; bbox 0 0 2444 3368; ppageno 0'>
   <div class='ocr_carea' id='block_1_1' title="bbox 854 380 1982 428">
    <p class='ocr_par' dir='ltr' id='par_1_1' title="bbox 854 380 1982 428">
     <span class='ocr_line' id='line_1_1' title="bbox 854 380 1982 428; baseline 0.001 -2"><span class='ocrx_word' id='word_1_1' title='bbox 854 392 981 427; x_wconf 67' lang='lat' dir='ltr'>cmo</span> <span class='ocrx_word' id='word_1_2' title='bbox 1017 392 1181 427; x_wconf 65' lang='lat' dir='ltr'>namon</span> <span class='ocrx_word' id='word_1_3' title='bbox 1217 392 1284 427; x_wconf 81' lang='lat' dir='ltr'>m:</span> <span class='ocrx_word' id='word_1_4' title='bbox 1320 392 1625 428; x_wconf 64' lang='lat' dir='ltr'>sannorum-2.</span> <span class='ocrx_word' id='word_1_5' title='bbox 1928 380 1982 427; x_wconf 90' lang='lat' dir='ltr'>ll</span> 
     </span>
    </p>
   </div>
   <div class='ocr_carea' id='block_1_2' title="bbox 495 513 1995 924">
    <p class='ocr_par' dir='ltr' id='par_1_2' title="bbox 495 513 1995 924">
     <span class='ocr_line' id='line_1_2' title="bbox 496 513 1992 573; baseline -0.003 -11"><span class='ocrx_word' id='word_1_6' title='bbox 496 517 669 562; x_wconf 81' lang='lat' dir='ltr'><strong>litteras</strong></span> <span class='ocrx_word' id='word_1_7' title='bbox 691 527 830 559; x_wconf 89' lang='lat' dir='ltr'>senex</span> <span class='ocrx_word' id='word_1_8' title='bbox 852 513 1013 569; x_wconf 89' lang='lat' dir='ltr'>didici,</span> <span class='ocrx_word' id='word_1_9' title='bbox 1038 527 1153 571; x_wconf 89' lang='lat' dir='ltr'>quas</span> <span class='ocrx_word' id='word_1_10' title='bbox 1176 513 1364 571; x_wconf 88' lang='lat' dir='ltr'>quidem</span> <span class='ocrx_word' id='word_1_11' title='bbox 1389 514 1455 572; x_wconf 80' lang='lat' dir='ltr'>sic</span> <span class='ocrx_word' id='word_1_12' title='bbox 1486 515 1624 559; x_wconf 89' lang='lat' dir='ltr'>avide</span> <span class='ocrx_word' id='word_1_13' title='bbox 1649 514 1836 573; x_wconf 78' lang='lat' dir='ltr'>arripui,</span> <span class='ocrx_word' id='word_1_14' title='bbox 1858 514 1992 572; x_wconf 84' lang='lat' dir='ltr'>quasi</span> 
     </span>
     <span class='ocr_line' id='line_1_3' title="bbox 495 585 1992 645; baseline -0.003 -11"><span class='ocrx_word' id='word_1_15' title='bbox 495 589 755 635; x_wconf 83' lang='lat' dir='ltr'>diuturnam</span> <span class='ocrx_word' id='word_1_16' title='bbox 790 586 915 631; x_wconf 90' lang='lat' dir='ltr'>sitim</span> <span class='ocrx_word' id='word_1_17' title='bbox 946 585 1128 644; x_wconf 88' lang='lat' dir='ltr'>explere</span> <span class='ocrx_word' id='word_1_18' title='bbox 1160 586 1367 644; x_wconf 85' lang='lat' dir='ltr'>cupiens.</span> <span class='ocrx_word' id='word_1_19' title='bbox 1390 595 1438 631; x_wconf 94' lang='lat' dir='ltr'>ut</span> <span class='ocrx_word' id='word_1_20' title='bbox 1471 586 1559 632; x_wconf 82' lang='lat' dir='ltr'>¹¹ea</span> <span class='ocrx_word' id='word_1_21' title='bbox 1593 587 1693 645; x_wconf 79' lang='lat' dir='ltr'>ipsa</span> <span class='ocrx_word' id='word_1_22' title='bbox 1732 587 1846 631; x_wconf 88' lang='lat' dir='ltr'>mihi</span> <span class='ocrx_word' id='word_1_23' title='bbox 1880 596 1992 631; x_wconf 86' lang='lat' dir='ltr'>nota</span> 
     </span>
     <span class='ocr_line' id='line_1_4' title="bbox 498 658 1988 717; baseline -0.003 -11"><span class='ocrx_word' id='word_1_24' title='bbox 498 668 668 715; x_wconf 88' lang='lat' dir='ltr'>essent,</span> <span class='ocrx_word' id='word_1_25' title='bbox 685 658 853 717; x_wconf 86' lang='lat' dir='ltr'>quibus</span> <span class='ocrx_word' id='word_1_26' title='bbox 868 672 943 703; x_wconf 91' lang='lat' dir='ltr'>me</span> <span class='ocrx_word' id='word_1_27' title='bbox 958 672 1080 702; x_wconf 92' lang='lat' dir='ltr'>nunc</span> <span class='ocrx_word' id='word_1_28' title='bbox 1096 658 1318 715; x_wconf 86' lang='lat' dir='ltr'>exemplis</span> <span class='ocrx_word' id='word_1_29' title='bbox 1335 659 1399 704; x_wconf 92' lang='lat' dir='ltr'>uti</span> <span class='ocrx_word' id='word_1_30' title='bbox 1419 659 1600 705; x_wconf 91' lang='lat' dir='ltr'>videtis.</span> <span class='ocrx_word' id='word_1_31' title='bbox 1655 658 1828 717; x_wconf 69' lang='lat' dir='ltr'>”Quod</span> <span class='ocrx_word' id='word_1_32' title='bbox 1848 672 1988 717; x_wconf 88' lang='lat' dir='ltr'>quum</span> 
     </span>
     <span class='ocr_line' id='line_1_5' title="bbox 499 729 1989 789; baseline -0.001 -11"><span class='ocrx_word' id='word_1_33' title='bbox 499 733 661 779; x_wconf 70' lang='lat' dir='ltr'>secisse</span> <span class='ocrx_word' id='word_1_34' title='bbox 686 733 910 777; x_wconf 87' lang='lat' dir='ltr'>Socraten</span> <span class='ocrx_word' id='word_1_35' title='bbox 939 731 986 775; x_wconf 92' lang='lat' dir='ltr'>in</span> <span class='ocrx_word' id='word_1_36' title='bbox 1018 730 1187 777; x_wconf 85' lang='lat' dir='ltr'>fidibus</span> <span class='ocrx_word' id='word_1_37' title='bbox 1209 731 1433 784; x_wconf 85' lang='lat' dir='ltr'>audirem,</span> <span class='ocrx_word' id='word_1_38' title='bbox 1462 729 1660 777; x_wconf 66' lang='lat' dir='ltr'>¹³⁸vellem</span> <span class='ocrx_word' id='word_1_39' title='bbox 1693 731 1911 789; x_wconf 82' lang='lat' dir='ltr'>equidem</span> <span class='ocrx_word' id='word_1_40' title='bbox 1945 740 1989 776; x_wconf 93' lang='lat' dir='ltr'>et</span> 
     </span>
     <span class='ocr_line' id='line_1_6' title="bbox 519 802 1995 862; baseline -0.003 -10"><span class='ocrx_word' id='word_1_41' title='bbox 519 807 626 862; x_wconf 78' lang='lat' dir='ltr'>&#39;&#39;ud,</span> <span class='ocrx_word' id='word_1_42' title='bbox 647 806 890 851; x_wconf 89' lang='lat' dir='ltr'>discebant</span> <span class='ocrx_word' id='word_1_43' title='bbox 918 804 1044 849; x_wconf 87' lang='lat' dir='ltr'>enim</span> <span class='ocrx_word' id='word_1_44' title='bbox 1066 802 1270 849; x_wconf 78' lang='lat' dir='ltr'>¹⁴fidibus</span> <span class='ocrx_word' id='word_1_45' title='bbox 1292 805 1487 862; x_wconf 83' lang='lat' dir='ltr'>antiqui,</span> <span class='ocrx_word' id='word_1_46' title='bbox 1509 805 1592 851; x_wconf 91' lang='lat' dir='ltr'>sed</span> <span class='ocrx_word' id='word_1_47' title='bbox 1617 805 1661 849; x_wconf 92' lang='lat' dir='ltr'>in</span> <span class='ocrx_word' id='word_1_48' title='bbox 1685 805 1848 850; x_wconf 88' lang='lat' dir='ltr'>litteris</span> <span class='ocrx_word' id='word_1_49' title='bbox 1870 814 1995 849; x_wconf 86' lang='lat' dir='ltr'>certe</span> 
     </span>
     <span class='ocr_line' id='line_1_7' title="bbox 501 877 744 924; baseline -0.008 -1"><span class='ocrx_word' id='word_1_50' title='bbox 501 877 744 924; x_wconf 84' lang='lat' dir='ltr'>elaboravi.</span> 
     </span>
    </p>
   </div>
   <div class='ocr_carea' id='block_1_3' title="bbox 496 991 1994 3003">
    <p class='ocr_par' dir='ltr' id='par_1_3' title="bbox 496 991 1994 1628">
     <span class='ocr_line' id='line_1_8' title="bbox 561 991 1993 1052; baseline -0.001 -13"><span class='ocrx_word' id='word_1_51' title='bbox 561 992 731 1052; x_wconf 75' lang='lat' dir='ltr'>1x.—§</span> <span class='ocrx_word' id='word_1_52' title='bbox 768 1004 835 1049; x_wconf 88' lang='lat'>27.</span> <span class='ocrx_word' id='word_1_53' title='bbox 873 993 945 1037; x_wconf 90' lang='lat' dir='ltr'>Ne</span> <span class='ocrx_word' id='word_1_54' title='bbox 979 1006 1101 1038; x_wconf 88' lang='lat' dir='ltr'>nunc</span> <span class='ocrx_word' id='word_1_55' title='bbox 1133 993 1350 1050; x_wconf 87' lang='lat' dir='ltr'>equidem</span> <span class='ocrx_word' id='word_1_56' title='bbox 1383 991 1519 1038; x_wconf 89' lang='lat' dir='ltr'>¹vires</span> <span class='ocrx_word' id='word_1_57' title='bbox 1562 992 1778 1038; x_wconf 76' lang='lat' dir='ltr'>desidero</span> <span class='ocrx_word' id='word_1_58' title='bbox 1812 993 1993 1038; x_wconf 87' lang='lat' dir='ltr'>adules-</span> 
     </span>
     <span class='ocr_line' id='line_1_9' title="bbox 502 1065 1994 1122; baseline -0.003 -10"><span class='ocrx_word' id='word_1_59' title='bbox 502 1066 661 1122; x_wconf 88' lang='lat' dir='ltr'>centis,</span> <span class='ocrx_word' id='word_1_60' title='bbox 683 1066 720 1110; x_wconf 89' lang='lat' dir='ltr'>is</span> <span class='ocrx_word' id='word_1_61' title='bbox 752 1066 878 1110; x_wconf 87' lang='lat' dir='ltr'>enim</span> <span class='ocrx_word' id='word_1_62' title='bbox 899 1073 996 1109; x_wconf 84' lang='lat' dir='ltr'>erat</span> <span class='ocrx_word' id='word_1_63' title='bbox 1018 1065 1163 1109; x_wconf 86' lang='lat' dir='ltr'>²locus</span> <span class='ocrx_word' id='word_1_64' title='bbox 1195 1065 1312 1110; x_wconf 88' lang='lat' dir='ltr'>alter</span> <span class='ocrx_word' id='word_1_65' title='bbox 1332 1065 1390 1110; x_wconf 90' lang='lat' dir='ltr'>de</span> <span class='ocrx_word' id='word_1_66' title='bbox 1423 1065 1546 1109; x_wconf 77' lang='lat' dir='ltr'>vitiis</span> <span class='ocrx_word' id='word_1_67' title='bbox 1582 1065 1850 1120; x_wconf 67' lang='lat' dir='ltr'>senectutis,</span> <span class='ocrx_word' id='word_1_68' title='bbox 1881 1065 1994 1108; x_wconf 71' lang='grc' dir='ltr'>3ηοη</span> 
     </span>
     <span class='ocr_line' id='line_1_10' title="bbox 497 1136 1992 1198; baseline -0.002 -15"><span class='ocrx_word' id='word_1_69' title='bbox 497 1139 612 1198; x_wconf 90' lang='lat' dir='ltr'>plus,</span> <span class='ocrx_word' id='word_1_70' title='bbox 641 1152 783 1196; x_wconf 89' lang='lat' dir='ltr'>quarn</span> <span class='ocrx_word' id='word_1_71' title='bbox 809 1138 1087 1182; x_wconf 84' lang='lat' dir='ltr'>adulescens</span> <span class='ocrx_word' id='word_1_72' title='bbox 1115 1136 1233 1183; x_wconf 91' lang='lat' dir='ltr'>tauri</span> <span class='ocrx_word' id='word_1_73' title='bbox 1265 1145 1343 1181; x_wconf 90' lang='lat' dir='ltr'>aut</span> <span class='ocrx_word' id='word_1_74' title='bbox 1374 1137 1609 1194; x_wconf 87' lang='lat' dir='ltr'>elephanti</span> <span class='ocrx_word' id='word_1_75' title='bbox 1654 1137 1992 1182; x_wconf 83' lang='lat' dir='ltr'>desiderabam.</span> 
     </span>
     <span class='ocr_line' id='line_1_11' title="bbox 496 1209 1991 1269; baseline -0.001 -15"><span class='ocrx_word' id='word_1_76' title='bbox 496 1211 648 1269; x_wconf 68' lang='lat' dir='ltr'>‘Quod</span> <span class='ocrx_word' id='word_1_77' title='bbox 667 1219 752 1266; x_wconf 89' lang='lat' dir='ltr'>est,</span> <span class='ocrx_word' id='word_1_78' title='bbox 768 1224 823 1255; x_wconf 93' lang='lat' dir='ltr'>eo</span> <span class='ocrx_word' id='word_1_79' title='bbox 840 1210 973 1254; x_wconf 88' lang='lat' dir='ltr'>decet</span> <span class='ocrx_word' id='word_1_80' title='bbox 992 1209 1073 1263; x_wconf 91' lang='lat' dir='ltr'>uti,</span> <span class='ocrx_word' id='word_1_81' title='bbox 1087 1218 1147 1265; x_wconf 88' lang='lat' dir='ltr'>et,</span> <span class='ocrx_word' id='word_1_82' title='bbox 1164 1209 1388 1267; x_wconf 90' lang='lat' dir='ltr'>quidquid</span> <span class='ocrx_word' id='word_1_83' title='bbox 1409 1209 1526 1266; x_wconf 86' lang='lat' dir='ltr'>agis,</span> <span class='ocrx_word' id='word_1_84' title='bbox 1542 1224 1680 1265; x_wconf 85' lang='lat' dir='ltr'>agere</span> <span class='ocrx_word' id='word_1_85' title='bbox 1702 1224 1786 1267; x_wconf 90' lang='lat' dir='ltr'>pro</span> <span class='ocrx_word' id='word_1_86' title='bbox 1805 1209 1991 1253; x_wconf 88' lang='lat' dir='ltr'>viribus.</span> 
     </span>
     <span class='ocr_line' id='line_1_12' title="bbox 498 1282 1993 1341; baseline -0.002 -13"><span class='ocrx_word' id='word_1_87' title='bbox 498 1287 626 1341; x_wconf 87' lang='lat' dir='ltr'>Quae</span> <span class='ocrx_word' id='word_1_88' title='bbox 667 1283 792 1327; x_wconf 87' lang='lat' dir='ltr'>enim</span> <span class='ocrx_word' id='word_1_89' title='bbox 830 1297 918 1326; x_wconf 91' lang='lat' dir='ltr'>vox</span> <span class='ocrx_word' id='word_1_90' title='bbox 954 1290 1107 1339; x_wconf 88' lang='lat' dir='ltr'>potest</span> <span class='ocrx_word' id='word_1_91' title='bbox 1138 1296 1243 1326; x_wconf 90' lang='lat' dir='ltr'>esse</span> <span class='ocrx_word' id='word_1_92' title='bbox 1276 1282 1600 1339; x_wconf 86' lang='lat' dir='ltr'>contemptior,</span> <span class='ocrx_word' id='word_1_93' title='bbox 1623 1297 1764 1339; x_wconf 88' lang='lat' dir='ltr'>quam</span> <span class='ocrx_word' id='word_1_94' title='bbox 1801 1282 1993 1326; x_wconf 81' lang='lat' dir='ltr'>Milonis</span> 
     </span>
     <span class='ocr_line' id='line_1_13' title="bbox 504 1352 1994 1412; baseline -0.002 -11"><span class='ocrx_word' id='word_1_95' title='bbox 504 1355 831 1401; x_wconf 85' lang='lat' dir='ltr'>Crotoniatae?</span> <span class='ocrx_word' id='word_1_96' title='bbox 861 1352 973 1411; x_wconf 81' lang='lat' dir='ltr'>⁵qui,</span> <span class='ocrx_word' id='word_1_97' title='bbox 995 1368 1138 1412; x_wconf 89' lang='lat' dir='ltr'>quum</span> <span class='ocrx_word' id='word_1_98' title='bbox 1165 1354 1265 1411; x_wconf 88' lang='lat' dir='ltr'>jam</span> <span class='ocrx_word' id='word_1_99' title='bbox 1292 1368 1432 1399; x_wconf 85' lang='lat' dir='ltr'>senex</span> <span class='ocrx_word' id='word_1_100' title='bbox 1469 1363 1607 1409; x_wconf 86' lang='lat' dir='ltr'>esset,</span> <span class='ocrx_word' id='word_1_101' title='bbox 1629 1355 1921 1411; x_wconf 84' lang='lat' dir='ltr'>athletasque</span> <span class='ocrx_word' id='word_1_102' title='bbox 1945 1368 1994 1398; x_wconf 91' lang='lat' dir='ltr'>se</span> 
     </span>
     <span class='ocr_line' id='line_1_14' title="bbox 500 1425 1994 1483; baseline -0.003 -10"><span class='ocrx_word' id='word_1_103' title='bbox 500 1430 547 1473; x_wconf 93' lang='lat' dir='ltr'>in</span> <span class='ocrx_word' id='word_1_104' title='bbox 577 1428 802 1473; x_wconf 89' lang='lat' dir='ltr'>curriculo</span> <span class='ocrx_word' id='word_1_105' title='bbox 834 1435 1101 1471; x_wconf 83' lang='lat' dir='ltr'>exercentes</span> <span class='ocrx_word' id='word_1_106' title='bbox 1132 1427 1326 1481; x_wconf 89' lang='lat' dir='ltr'>videret,</span> <span class='ocrx_word' id='word_1_107' title='bbox 1347 1427 1623 1483; x_wconf 87' lang='lat' dir='ltr'>adspexisse</span> <span class='ocrx_word' id='word_1_108' title='bbox 1644 1425 1862 1471; x_wconf 82' lang='lat' dir='ltr'>⁶lacertos</span> <span class='ocrx_word' id='word_1_109' title='bbox 1886 1440 1994 1470; x_wconf 92' lang='lat' dir='ltr'>suos</span> 
     </span>
     <span class='ocr_line' id='line_1_15' title="bbox 498 1496 1993 1555; baseline -0.003 -11"><span class='ocrx_word' id='word_1_110' title='bbox 498 1500 676 1554; x_wconf 88' lang='lat' dir='ltr'>dicitur,</span> <span class='ocrx_word' id='word_1_111' title='bbox 699 1500 1075 1555; x_wconf 85' lang='lat' dir='ltr'>illacrimansque</span> <span class='ocrx_word' id='word_1_112' title='bbox 1096 1499 1283 1552; x_wconf 86' lang='lat' dir='ltr'>dixisse,</span> <span class='ocrx_word' id='word_1_113' title='bbox 1304 1496 1387 1541; x_wconf 82' lang='lat' dir='ltr'>⁷At</span> <span class='ocrx_word' id='word_1_114' title='bbox 1418 1499 1467 1542; x_wconf 77' lang='lat' dir='ltr'>hi</span> <span class='ocrx_word' id='word_1_115' title='bbox 1498 1499 1678 1555; x_wconf 69' lang='lat' dir='ltr'>quidem</span> <span class='ocrx_word' id='word_1_116' title='bbox 1700 1499 1802 1555; x_wconf 79' lang='lat' dir='ltr'>jam</span> <span class='ocrx_word' id='word_1_117' title='bbox 1829 1498 1993 1541; x_wconf 60' lang='lat' dir='ltr'>mortui</span> 
     </span>
     <span class='ocr_line' id='line_1_16' title="bbox 496 1569 1991 1628; baseline 0.002 -16"><span class='ocrx_word' id='word_1_118' title='bbox 496 1575 611 1616; x_wconf 74' lang='lat' dir='ltr'>sunt.</span> <span class='ocrx_word' id='word_1_119' title='bbox 677 1573 785 1616; x_wconf 91' lang='lat' dir='ltr'>Non</span> <span class='ocrx_word' id='word_1_120' title='bbox 808 1586 918 1616; x_wconf 91' lang='lat' dir='ltr'>vero</span> <span class='ocrx_word' id='word_1_121' title='bbox 947 1569 1061 1615; x_wconf 72' lang='lat' dir='ltr'>8tarn</span> <span class='ocrx_word' id='word_1_122' title='bbox 1084 1571 1174 1622; x_wconf 90' lang='lat' dir='ltr'>isti,</span> <span class='ocrx_word' id='word_1_123' title='bbox 1196 1585 1335 1628; x_wconf 88' lang='lat' dir='ltr'>quam</span> <span class='ocrx_word' id='word_1_124' title='bbox 1361 1579 1409 1616; x_wconf 92' lang='lat' dir='ltr'>tu</span> <span class='ocrx_word' id='word_1_125' title='bbox 1440 1571 1556 1628; x_wconf 91' lang='lat' dir='ltr'>ipse,</span> <span class='ocrx_word' id='word_1_126' title='bbox 1577 1581 1776 1627; x_wconf 85' lang='lat' dir='ltr'>nugator</span> <span class='ocrx_word' id='word_1_127' title='bbox 1796 1587 1806 1624; x_wconf 95' lang='lat'>;</span> <span class='ocrx_word' id='word_1_128' title='bbox 1840 1585 1991 1628; x_wconf 88' lang='lat' dir='ltr'>neque</span> 
     </span>
    </p>

    <p class='ocr_par' dir='ltr' id='par_1_4' title="bbox 547 1641 1990 1698">
     <span class='ocr_line' id='line_1_17' title="bbox 547 1641 1990 1698; baseline 0.001 -14"><span class='ocrx_word' id='word_1_129' title='bbox 547 1642 620 1685; x_wconf 78' lang='lat' dir='ltr'>=im</span> <span class='ocrx_word' id='word_1_130' title='bbox 658 1641 734 1686; x_wconf 85' lang='lat' dir='ltr'>⁹ex</span> <span class='ocrx_word' id='word_1_131' title='bbox 764 1651 808 1686; x_wconf 89' lang='lat' dir='ltr'>te</span> <span class='ocrx_word' id='word_1_132' title='bbox 845 1655 1050 1698; x_wconf 89' lang='lat' dir='ltr'>unquam</span> <span class='ocrx_word' id='word_1_133' title='bbox 1084 1655 1134 1685; x_wconf 89' lang='lat' dir='ltr'>es</span> <span class='ocrx_word' id='word_1_134' title='bbox 1172 1641 1457 1697; x_wconf 87' lang='lat' dir='ltr'>nobilitatus,</span> <span class='ocrx_word' id='word_1_135' title='bbox 1489 1642 1569 1686; x_wconf 90' lang='lat' dir='ltr'>secl</span> <span class='ocrx_word' id='word_1_136' title='bbox 1602 1657 1659 1687; x_wconf 89' lang='lat' dir='ltr'>ex</span> <span class='ocrx_word' id='word_1_137' title='bbox 1691 1642 1913 1688; x_wconf 87' lang='lat' dir='ltr'>lateribus</span> <span class='ocrx_word' id='word_1_138' title='bbox 1944 1650 1990 1687; x_wconf 93' lang='lat' dir='ltr'>et</span> 
     </span>
    </p>

    <p class='ocr_par' dir='ltr' id='par_1_5' title="bbox 498 1712 1991 3003">
     <span class='ocr_line' id='line_1_18' title="bbox 558 1712 1991 1769; baseline -0.001 -11"><span class='ocrx_word' id='word_1_139' title='bbox 558 1714 679 1758; x_wconf 78' lang='lat' dir='ltr'>,ertis</span> <span class='ocrx_word' id='word_1_140' title='bbox 707 1714 810 1758; x_wconf 92' lang='lat' dir='ltr'>tuis.</span> <span class='ocrx_word' id='word_1_141' title='bbox 874 1712 1048 1757; x_wconf 89' lang='lat' dir='ltr'>¹⁰Nihil</span> <span class='ocrx_word' id='word_1_142' title='bbox 1079 1715 1168 1758; x_wconf 89' lang='lat' dir='ltr'>Sex</span> <span class='ocrx_word' id='word_1_143' title='bbox 1214 1714 1372 1758; x_wconf 85' lang='lat' dir='ltr'>Aelius</span> <span class='ocrx_word' id='word_1_144' title='bbox 1405 1714 1511 1769; x_wconf 89' lang='lat' dir='ltr'>tale,</span> <span class='ocrx_word' id='word_1_145' title='bbox 1530 1715 1644 1758; x_wconf 88' lang='lat' dir='ltr'>nihil</span> <span class='ocrx_word' id='word_1_146' title='bbox 1677 1714 1833 1758; x_wconf 90' lang='lat' dir='ltr'>multis</span> <span class='ocrx_word' id='word_1_147' title='bbox 1856 1714 1991 1758; x_wconf 88' lang='lat' dir='ltr'>annis</span> 
     </span>
     <span class='ocr_line' id='line_1_19' title="bbox 498 1783 1990 1841; baseline -0.001 -11"><span class='ocrx_word' id='word_1_148' title='bbox 498 1794 605 1830; x_wconf 89' lang='lat' dir='ltr'>ante</span> <span class='ocrx_word' id='word_1_149' title='bbox 627 1785 696 1829; x_wconf 88' lang='lat' dir='ltr'>Ti.</span> <span class='ocrx_word' id='word_1_150' title='bbox 732 1785 1066 1840; x_wconf 89' lang='lat' dir='ltr'>Coruncanius,</span> <span class='ocrx_word' id='word_1_151' title='bbox 1089 1785 1202 1828; x_wconf 91' lang='lat' dir='ltr'>nihil</span> <span class='ocrx_word' id='word_1_152' title='bbox 1225 1783 1399 1828; x_wconf 85' lang='lat' dir='ltr'>llmodo</span> <span class='ocrx_word' id='word_1_153' title='bbox 1435 1786 1483 1828; x_wconf 91' lang='lat' dir='ltr'>P.</span> <span class='ocrx_word' id='word_1_154' title='bbox 1519 1786 1731 1841; x_wconf 89' lang='lat' dir='ltr'>Crassus,</span> <span class='ocrx_word' id='word_1_155' title='bbox 1762 1799 1792 1829; x_wconf 90' lang='lat' dir='ltr'>a</span> <span class='ocrx_word' id='word_1_156' title='bbox 1823 1785 1990 1841; x_wconf 89' lang='lat' dir='ltr'>quibus</span> 
     </span>
     <span class='ocr_line' id='line_1_20' title="bbox 498 1855 1991 1915; baseline -0.001 -14"><span class='ocrx_word' id='word_1_157' title='bbox 498 1856 628 1915; x_wconf 86' lang='lat' dir='ltr'>¹²jura</span> <span class='ocrx_word' id='word_1_158' title='bbox 648 1857 825 1901; x_wconf 90' lang='lat' dir='ltr'>civibus</span> <span class='ocrx_word' id='word_1_159' title='bbox 849 1857 1297 1914; x_wconf 85' lang='lat' dir='ltr'>praescribebantur,</span> <span class='ocrx_word' id='word_1_160' title='bbox 1318 1855 1547 1914; x_wconf 82' lang='lat' dir='ltr'>¹⁸quorum</span> <span class='ocrx_word' id='word_1_161' title='bbox 1577 1871 1724 1914; x_wconf 87' lang='lat' dir='ltr'>usque</span> <span class='ocrx_word' id='word_1_162' title='bbox 1752 1857 1812 1901; x_wconf 89' lang='lat' dir='ltr'>acl</span> <span class='ocrx_word' id='word_1_163' title='bbox 1846 1865 1991 1901; x_wconf 89' lang='lat' dir='ltr'>extre·</span> 
     </span>
     <span class='ocr_line' id='line_1_21' title="bbox 500 1928 1990 1987; baseline 0 -14"><span class='ocrx_word' id='word_1_164' title='bbox 500 1930 845 1987; x_wconf 88' lang='lat' dir='ltr'>mumspiritum</span> <span class='ocrx_word' id='word_1_165' title='bbox 860 1938 929 1974; x_wconf 93' lang='lat' dir='ltr'>est</span> <span class='ocrx_word' id='word_1_166' title='bbox 945 1937 1163 1987; x_wconf 89' lang='lat' dir='ltr'>provecta</span> <span class='ocrx_word' id='word_1_167' title='bbox 1180 1930 1440 1986; x_wconf 87' lang='lat' dir='ltr'>prudentia.</span> <span class='ocrx_word' id='word_1_168' title='bbox 1493 1928 1515 1983; x_wconf 65' lang='grc' dir='ltr'>ἓ</span> <span class='ocrx_word' id='word_1_169' title='bbox 1539 1931 1605 1974; x_wconf 86' lang='lat'>28.</span> <span class='ocrx_word' id='word_1_170' title='bbox 1631 1931 1819 1974; x_wconf 87' lang='lat' dir='ltr'>¹Orator</span> <span class='ocrx_word' id='word_1_171' title='bbox 1833 1937 1990 1974; x_wconf 89' lang='lat' dir='ltr'>metuo</span> 
     </span>
     <span class='ocr_line' id='line_1_22' title="bbox 501 2001 1989 2059; baseline -0.001 -13"><span class='ocrx_word' id='word_1_172' title='bbox 501 2016 557 2046; x_wconf 89' lang='lat' dir='ltr'>ne</span> <span class='ocrx_word' id='word_1_173' title='bbox 579 2003 847 2058; x_wconf 87' lang='lat' dir='ltr'>languescat</span> <span class='ocrx_word' id='word_1_174' title='bbox 865 2010 1101 2046; x_wconf 89' lang='lat' dir='ltr'>senectute</span> <span class='ocrx_word' id='word_1_175' title='bbox 1125 2018 1135 2055; x_wconf 94' lang='lat'>;</span> <span class='ocrx_word' id='word_1_176' title='bbox 1168 2010 1238 2046; x_wconf 88' lang='lat' dir='ltr'>est</span> <span class='ocrx_word' id='word_1_177' title='bbox 1260 2001 1383 2046; x_wconf 90' lang='lat' dir='ltr'>enim</span> <span class='ocrx_word' id='word_1_178' title='bbox 1405 2017 1574 2046; x_wconf 91' lang='lat' dir='ltr'>munus</span> <span class='ocrx_word' id='word_1_179' title='bbox 1596 2002 1695 2059; x_wconf 89' lang='lat' dir='ltr'>ejus</span> <span class='ocrx_word' id='word_1_180' title='bbox 1718 2017 1810 2046; x_wconf 91' lang='lat' dir='ltr'>non</span> <span class='ocrx_word' id='word_1_181' title='bbox 1835 2001 1989 2058; x_wconf 87' lang='lat' dir='ltr'>ingeni</span> 
     </span>
     <span class='ocr_line' id='line_1_23' title="bbox 501 2075 1988 2127; baseline -0.001 -9"><span class='ocrx_word' id='word_1_182' title='bbox 501 2075 664 2127; x_wconf 87' lang='lat' dir='ltr'>solum,</span> <span class='ocrx_word' id='word_1_183' title='bbox 686 2075 768 2119; x_wconf 90' lang='lat' dir='ltr'>sed</span> <span class='ocrx_word' id='word_1_184' title='bbox 802 2075 1000 2119; x_wconf 84' lang='lat' dir='ltr'>laterum</span> <span class='ocrx_word' id='word_1_185' title='bbox 1037 2075 1177 2119; x_wconf 88' lang='lat' dir='ltr'>etiam</span> <span class='ocrx_word' id='word_1_186' title='bbox 1204 2083 1250 2120; x_wconf 93' lang='lat' dir='ltr'>et</span> <span class='ocrx_word' id='word_1_187' title='bbox 1275 2075 1454 2118; x_wconf 89' lang='lat' dir='ltr'>virium.</span> <span class='ocrx_word' id='word_1_188' title='bbox 1518 2075 1743 2119; x_wconf 84' lang='lat' dir='ltr'>²Omnino</span> <span class='ocrx_word' id='word_1_189' title='bbox 1765 2088 1988 2118; x_wconf 87' lang='lat' dir='ltr'>canorum</span> 
     </span>
     <span class='ocr_line' id='line_1_24' title="bbox 500 2146 1988 2204; baseline 0 -14"><span class='ocrx_word' id='word_1_190' title='bbox 500 2146 610 2190; x_wconf 92' lang='lat' dir='ltr'>illud</span> <span class='ocrx_word' id='word_1_191' title='bbox 651 2147 699 2190; x_wconf 90' lang='lat' dir='ltr'>in</span> <span class='ocrx_word' id='word_1_192' title='bbox 740 2162 852 2191; x_wconf 89' lang='lat' dir='ltr'>voce</span> <span class='ocrx_word' id='word_1_193' title='bbox 895 2147 1177 2204; x_wconf 88' lang='lat' dir='ltr'>splendescit</span> <span class='ocrx_word' id='word_1_194' title='bbox 1220 2147 1361 2191; x_wconf 84' lang='lat' dir='ltr'>etiam</span> <span class='ocrx_word' id='word_1_195' title='bbox 1403 2147 1562 2191; x_wconf 90' lang='lat' dir='ltr'>nescio</span> <span class='ocrx_word' id='word_1_196' title='bbox 1612 2161 1706 2204; x_wconf 92' lang='lat' dir='ltr'>quo</span> <span class='ocrx_word' id='word_1_197' title='bbox 1757 2155 1895 2204; x_wconf 88' lang='lat' dir='ltr'>pacto</span> <span class='ocrx_word' id='word_1_198' title='bbox 1941 2148 1988 2191; x_wconf 91' lang='lat' dir='ltr'>in</span> 
     </span>
     <span class='ocr_line' id='line_1_25' title="bbox 502 2220 1990 2277; baseline 0.001 -15"><span class='ocrx_word' id='word_1_199' title='bbox 502 2228 767 2264; x_wconf 86' lang='lat' dir='ltr'>senectute:</span> <span class='ocrx_word' id='word_1_200' title='bbox 801 2220 926 2276; x_wconf 89' lang='lat' dir='ltr'>quod</span> <span class='ocrx_word' id='word_1_201' title='bbox 969 2220 1186 2277; x_wconf 88' lang='lat' dir='ltr'>equidem</span> <span class='ocrx_word' id='word_1_202' title='bbox 1228 2221 1380 2264; x_wconf 89' lang='lat' dir='ltr'>adhuc</span> <span class='ocrx_word' id='word_1_203' title='bbox 1423 2235 1516 2264; x_wconf 92' lang='lat' dir='ltr'>non</span> <span class='ocrx_word' id='word_1_204' title='bbox 1553 2220 1705 2275; x_wconf 89' lang='lat' dir='ltr'>amisi,</span> <span class='ocrx_word' id='word_1_205' title='bbox 1735 2229 1780 2266; x_wconf 90' lang='lat' dir='ltr'>et</span> <span class='ocrx_word' id='word_1_206' title='bbox 1823 2220 1990 2264; x_wconf 84' lang='lat' dir='ltr'>videtis</span> 
     </span>
     <span class='ocr_line' id='line_1_26' title="bbox 501 2291 1990 2351; baseline 0.002 -16"><span class='ocrx_word' id='word_1_207' title='bbox 501 2305 658 2336; x_wconf 87' lang='lat' dir='ltr'>annos.</span> <span class='ocrx_word' id='word_1_208' title='bbox 720 2291 839 2337; x_wconf 77' lang='lat' dir='ltr'>³Sed</span> <span class='ocrx_word' id='word_1_209' title='bbox 872 2301 1029 2336; x_wconf 88' lang='lat' dir='ltr'>tamen</span> <span class='ocrx_word' id='word_1_210' title='bbox 1064 2301 1135 2337; x_wconf 87' lang='lat' dir='ltr'>est</span> <span class='ocrx_word' id='word_1_211' title='bbox 1167 2293 1363 2337; x_wconf 84' lang='lat' dir='ltr'>decorus</span> <span class='ocrx_word' id='word_1_212' title='bbox 1395 2307 1549 2338; x_wconf 90' lang='lat' dir='ltr'>sermo</span> <span class='ocrx_word' id='word_1_213' title='bbox 1585 2294 1701 2348; x_wconf 88' lang='lat' dir='ltr'>seni,</span> <span class='ocrx_word' id='word_1_214' title='bbox 1730 2293 1913 2351; x_wconf 90' lang='lat' dir='ltr'>quietus</span> <span class='ocrx_word' id='word_1_215' title='bbox 1944 2303 1990 2338; x_wconf 89' lang='lat' dir='ltr'>et</span> 
     </span>
     <span class='ocr_line' id='line_1_27' title="bbox 502 2364 1989 2422; baseline 0.001 -15"><span class='ocrx_word' id='word_1_216' title='bbox 502 2364 732 2420; x_wconf 88' lang='lat' dir='ltr'>remissus,</span> <span class='ocrx_word' id='word_1_217' title='bbox 753 2365 973 2422; x_wconf 80' lang='lat' dir='ltr'>⁴facitque</span> <span class='ocrx_word' id='word_1_218' title='bbox 1006 2379 1227 2422; x_wconf 86' lang='lat' dir='ltr'>persaepe</span> <span class='ocrx_word' id='word_1_219' title='bbox 1262 2365 1363 2422; x_wconf 91' lang='lat' dir='ltr'>ipsa</span> <span class='ocrx_word' id='word_1_220' title='bbox 1394 2366 1482 2409; x_wconf 89' lang='lat' dir='ltr'>sibi</span> <span class='ocrx_word' id='word_1_221' title='bbox 1514 2366 1801 2410; x_wconf 88' lang='lat' dir='ltr'>audientiam</span> <span class='ocrx_word' id='word_1_222' title='bbox 1829 2366 1989 2409; x_wconf 88' lang='lat' dir='ltr'>diserti</span> 
     </span>
     <span class='ocr_line' id='line_1_28' title="bbox 501 2436 1988 2495; baseline 0.001 -16"><span class='ocrx_word' id='word_1_223' title='bbox 501 2436 621 2480; x_wconf 89' lang='lat' dir='ltr'>senis</span> <span class='ocrx_word' id='word_1_224' title='bbox 652 2438 911 2494; x_wconf 89' lang='lat' dir='ltr'>composita</span> <span class='ocrx_word' id='word_1_225' title='bbox 941 2446 987 2481; x_wconf 90' lang='lat' dir='ltr'>et</span> <span class='ocrx_word' id='word_1_226' title='bbox 1019 2437 1143 2481; x_wconf 85' lang='lat' dir='ltr'>mitis</span> <span class='ocrx_word' id='word_1_227' title='bbox 1175 2438 1335 2481; x_wconf 92' lang='lat' dir='ltr'>oratio.</span> <span class='ocrx_word' id='word_1_228' title='bbox 1396 2437 1554 2494; x_wconf 77' lang='lat' dir='ltr'>⁵Quod</span> <span class='ocrx_word' id='word_1_229' title='bbox 1593 2439 1631 2482; x_wconf 91' lang='lat' dir='ltr'>si</span> <span class='ocrx_word' id='word_1_230' title='bbox 1668 2438 1766 2495; x_wconf 87' lang='lat' dir='ltr'>ipse</span> <span class='ocrx_word' id='word_1_231' title='bbox 1796 2438 1988 2495; x_wconf 87' lang='lat' dir='ltr'>exsequi</span> 
     </span>
     <span class='ocr_line' id='line_1_29' title="bbox 502 2510 1988 2569; baseline 0.001 -16"><span class='ocrx_word' id='word_1_232' title='bbox 502 2522 716 2567; x_wconf 89' lang='lat' dir='ltr'>nequeas,</span> <span class='ocrx_word' id='word_1_233' title='bbox 730 2511 881 2567; x_wconf 88' lang='lat' dir='ltr'>possis</span> <span class='ocrx_word' id='word_1_234' title='bbox 900 2520 1056 2555; x_wconf 88' lang='lat' dir='ltr'>tamen</span> <span class='ocrx_word' id='word_1_235' title='bbox 1076 2511 1283 2568; x_wconf 91' lang='lat' dir='ltr'>Scipioni</span> <span class='ocrx_word' id='word_1_236' title='bbox 1300 2513 1563 2569; x_wconf 87' lang='lat' dir='ltr'>praecipere</span> <span class='ocrx_word' id='word_1_237' title='bbox 1580 2520 1625 2556; x_wconf 92' lang='lat' dir='ltr'>et</span> <span class='ocrx_word' id='word_1_238' title='bbox 1648 2512 1815 2556; x_wconf 87' lang='lat' dir='ltr'>Laelio.</span> <span class='ocrx_word' id='word_1_239' title='bbox 1864 2510 1988 2567; x_wconf 83' lang='lat' dir='ltr'>Quid</span> 
     </span>
     <span class='ocr_line' id='line_1_30' title="bbox 502 2582 1990 2640; baseline 0.001 -16"><span class='ocrx_word' id='word_1_240' title='bbox 502 2582 622 2625; x_wconf 89' lang='lat' dir='ltr'>enirn</span> <span class='ocrx_word' id='word_1_241' title='bbox 657 2591 726 2627; x_wconf 90' lang='lat' dir='ltr'>est</span> <span class='ocrx_word' id='word_1_242' title='bbox 752 2583 1003 2640; x_wconf 89' lang='lat' dir='ltr'>jucundius</span> <span class='ocrx_word' id='word_1_243' title='bbox 1035 2592 1273 2628; x_wconf 88' lang='lat' dir='ltr'>senectute</span> <span class='ocrx_word' id='word_1_244' title='bbox 1308 2583 1477 2640; x_wconf 89' lang='lat' dir='ltr'>stipata</span> <span class='ocrx_word' id='word_1_245' title='bbox 1498 2584 1684 2628; x_wconf 74' lang='lat' dir='ltr'>6studiis</span> <span class='ocrx_word' id='word_1_246' title='bbox 1700 2583 1990 2640; x_wconf 86' lang='lat' dir='ltr'>juventutis?</span> 
     </span>
     <span class='ocr_line' id='line_1_31' title="bbox 502 2653 1987 2715; baseline 0.001 -17"><span class='ocrx_word' id='word_1_247' title='bbox 502 2653 600 2711; x_wconf 70' lang='lat'>§29</span> <span class='ocrx_word' id='word_1_248' title='bbox 642 2654 733 2700; x_wconf 87' lang='lat' dir='ltr'>¹An</span> <span class='ocrx_word' id='word_1_249' title='bbox 770 2671 828 2702; x_wconf 89' lang='lat' dir='ltr'>ne</span> <span class='ocrx_word' id='word_1_250' title='bbox 860 2672 938 2701; x_wconf 89' lang='lat' dir='ltr'>eas</span> <span class='ocrx_word' id='word_1_251' title='bbox 962 2657 1151 2715; x_wconf 91' lang='lat' dir='ltr'>quidem</span> <span class='ocrx_word' id='word_1_252' title='bbox 1184 2658 1305 2701; x_wconf 89' lang='lat' dir='ltr'>vires</span> <span class='ocrx_word' id='word_1_253' title='bbox 1340 2658 1564 2702; x_wconf 88' lang='lat' dir='ltr'>senectuti</span> <span class='ocrx_word' id='word_1_254' title='bbox 1598 2657 1916 2715; x_wconf 90' lang='lat' dir='ltr'>relinquimus,</span> <span class='ocrx_word' id='word_1_255' title='bbox 1939 2665 1987 2700; x_wconf 94' lang='lat' dir='ltr'>ut</span> 
     </span>
     <span class='ocr_line' id='line_1_32' title="bbox 503 2728 1988 2785; baseline 0.001 -15"><span class='ocrx_word' id='word_1_256' title='bbox 503 2728 871 2774; x_wconf 88' lang='lat' dir='ltr'>adulescentulos</span> <span class='ocrx_word' id='word_1_257' title='bbox 909 2730 1091 2785; x_wconf 87' lang='lat' dir='ltr'>doceat,</span> <span class='ocrx_word' id='word_1_258' title='bbox 1133 2730 1357 2785; x_wconf 87' lang='lat' dir='ltr'>instituat,</span> <span class='ocrx_word' id='word_1_259' title='bbox 1393 2731 1453 2775; x_wconf 90' lang='lat' dir='ltr'>ad</span> <span class='ocrx_word' id='word_1_260' title='bbox 1491 2745 1630 2775; x_wconf 89' lang='lat' dir='ltr'>omne</span> <span class='ocrx_word' id='word_1_261' title='bbox 1663 2730 1784 2773; x_wconf 89' lang='lat' dir='ltr'>offici</span> <span class='ocrx_word' id='word_1_262' title='bbox 1819 2743 1988 2773; x_wconf 89' lang='lat' dir='ltr'>munus</span> 
     </span>
     <span class='ocr_line' id='line_1_33' title="bbox 503 2797 1990 2859; baseline 0.002 -18"><span class='ocrx_word' id='word_1_263' title='bbox 503 2797 694 2844; x_wconf 87' lang='lat' dir='ltr'>instruat</span> <span class='ocrx_word' id='word_1_264' title='bbox 712 2801 729 2844; x_wconf 91' lang='lat'>?</span> <span class='ocrx_word' id='word_1_265' title='bbox 759 2815 851 2858; x_wconf 90' lang='lat' dir='ltr'>quo</span> <span class='ocrx_word' id='word_1_266' title='bbox 873 2800 1061 2858; x_wconf 88' lang='lat' dir='ltr'>quidem</span> <span class='ocrx_word' id='word_1_267' title='bbox 1085 2815 1223 2858; x_wconf 86' lang='lat' dir='ltr'>opere</span> <span class='ocrx_word' id='word_1_268' title='bbox 1244 2802 1355 2859; x_wconf 90' lang='lat' dir='ltr'>quid</span> <span class='ocrx_word' id='word_1_269' title='bbox 1376 2810 1529 2859; x_wconf 91' lang='lat' dir='ltr'>potest</span> <span class='ocrx_word' id='word_1_270' title='bbox 1550 2816 1654 2847; x_wconf 90' lang='lat' dir='ltr'>esse</span> <span class='ocrx_word' id='word_1_271' title='bbox 1676 2802 1990 2859; x_wconf 88' lang='lat' dir='ltr'>praeclarius?</span> 
     </span>
     <span class='ocr_line' id='line_1_34' title="bbox 507 2870 1989 2932; baseline 0.003 -19"><span class='ocrx_word' id='word_1_272' title='bbox 507 2870 621 2913; x_wconf 90' lang='lat' dir='ltr'>Mihi</span> <span class='ocrx_word' id='word_1_273' title='bbox 650 2886 759 2916; x_wconf 89' lang='lat' dir='ltr'>vero</span> <span class='ocrx_word' id='word_1_274' title='bbox 787 2880 831 2916; x_wconf 93' lang='lat' dir='ltr'>et</span> <span class='ocrx_word' id='word_1_275' title='bbox 863 2871 972 2916; x_wconf 83' lang='lat' dir='ltr'>²Cn.</span> <span class='ocrx_word' id='word_1_276' title='bbox 997 2880 1042 2917; x_wconf 88' lang='lat' dir='ltr'>et</span> <span class='ocrx_word' id='word_1_277' title='bbox 1072 2874 1119 2917; x_wconf 93' lang='lat' dir='ltr'>P.</span> <span class='ocrx_word' id='word_1_278' title='bbox 1147 2873 1388 2932; x_wconf 90' lang='lat' dir='ltr'>Scipiones</span> <span class='ocrx_word' id='word_1_279' title='bbox 1410 2883 1455 2919; x_wconf 91' lang='lat' dir='ltr'>et</span> <span class='ocrx_word' id='word_1_280' title='bbox 1477 2874 1550 2917; x_wconf 91' lang='lat' dir='ltr'>avi</span> <span class='ocrx_word' id='word_1_281' title='bbox 1572 2874 1667 2917; x_wconf 92' lang='lat' dir='ltr'>duo</span> <span class='ocrx_word' id='word_1_282' title='bbox 1689 2872 1738 2917; x_wconf 90' lang='lat' dir='ltr'>L.</span> <span class='ocrx_word' id='word_1_283' title='bbox 1762 2873 1989 2918; x_wconf 85' lang='lat' dir='ltr'>Aemilius</span> 
     </span>
     <span class='ocr_line' id='line_1_35' title="bbox 503 2943 1991 3003; baseline 0.003 -17"><span class='ocrx_word' id='word_1_284' title='bbox 503 2950 547 2987; x_wconf 89' lang='lat' dir='ltr'>et</span> <span class='ocrx_word' id='word_1_285' title='bbox 591 2943 637 2986; x_wconf 88' lang='lat' dir='ltr'>P.</span> <span class='ocrx_word' id='word_1_286' title='bbox 671 2944 933 3000; x_wconf 86' lang='lat' dir='ltr'>Africanus,</span> <span class='ocrx_word' id='word_1_287' title='bbox 974 2945 1196 2990; x_wconf 85' lang='lat' dir='ltr'>comitatu</span> <span class='ocrx_word' id='word_1_288' title='bbox 1240 2945 1465 2990; x_wconf 91' lang='lat' dir='ltr'>nobilium</span> <span class='ocrx_word' id='word_1_289' title='bbox 1495 2945 1720 3003; x_wconf 88' lang='lat' dir='ltr'>juvenum</span> <span class='ocrx_word' id='word_1_290' title='bbox 1768 2945 1991 2990; x_wconf 86' lang='lat' dir='ltr'>fortunati</span> 
     </span>
    </p>
   </div>
   <div class='ocr_carea' id='block_1_4' title="bbox 2318 185 2389 834">
    <p class='ocr_par' dir='ltr' id='par_1_6' title="bbox 2318 185 2389 296">
     <span class='ocr_line' id='line_1_36' title="bbox 2388 185 2389 188; baseline 0 59"><span class='ocrx_word' id='word_1_291' title='bbox 2363 185 2389 200; x_wconf 64' lang='grc'>’</span> 
     </span>
     <span class='ocr_line' id='line_1_37' title="bbox 2318 266 2346 296; baseline 0 0"><span class='ocrx_word' id='word_1_292' title='bbox 2318 266 2346 296; x_wconf 52' lang='lat' dir='ltr'>r?</span> 
     </span>
    </p>

    <p class='ocr_par' dir='ltr' id='par_1_7' title="bbox 2329 372 2384 834">
     <span class='ocr_line' id='line_1_38' title="bbox 2353 372 2384 455; baseline 0 0"><span class='ocrx_word' id='word_1_293' title='bbox 2353 372 2384 455; x_wconf 65' lang='lat' dir='ltr'>i</span> 
     </span>
     <span class='ocr_line' id='line_1_39' title="bbox 2352 444 2384 512; baseline 0 0"><span class='ocrx_word' id='word_1_294' title='bbox 2352 444 2384 512; x_wconf 44' lang='lat' dir='ltr'>iii</span> 
     </span>
     <span class='ocr_line' id='line_1_40' title="bbox 2329 497 2384 628; baseline 0 0"><span class='ocrx_word' id='word_1_295' title='bbox 2329 529 2335 536; x_wconf 70' lang='grc'><em>’</em></span> <span class='ocrx_word' id='word_1_296' title='bbox 2368 497 2384 628; x_wconf 66' lang='grc' dir='ltr'>ξ</span> 
     </span>
     <span class='ocr_line' id='line_1_41' title="bbox 2351 510 2379 713; baseline -0.393 3"><span class='ocrx_word' id='word_1_297' title='bbox 2351 510 2379 713; x_wconf 60' lang='lat' dir='ltr'>i?</span> 
     </span>
     <span class='ocr_line' id='line_1_42' title="bbox 2337 717 2361 753; baseline 0 -15"><span class='ocrx_word' id='word_1_298' title='bbox 2337 717 2361 753; x_wconf 23' lang='lat'>,¹¹-</span> 
     </span>
     <span class='ocr_line' id='line_1_43' title="bbox 2351 741 2361 834; baseline 0 0"><span class='ocrx_word' id='word_1_299' title='bbox 2351 741 2361 834; x_wconf 67' lang='grc' dir='ltr'><em>ἓ</em></span> 
     </span>
    </p>
   </div>
   <div class='ocr_carea' id='block_1_5' title="bbox 2350 898 2418 1891">
    <p class='ocr_par' dir='ltr' id='par_1_8' title="bbox 2328 898 2418 1891">
     <span class='ocr_line' id='line_1_44' title="bbox 2368 898 2403 1120; baseline 0 -34"><span class='ocrx_word' id='word_1_300' title='bbox 2368 898 2403 1120; x_wconf 56' lang='grc' dir='ltr'>ἓ</span> 
     </span>
     <span class='ocr_line' id='line_1_45' title="bbox 2351 1297 2418 1390; baseline 0.134 -9"><span class='ocrx_word' id='word_1_301' title='bbox 2351 1297 2383 1390; x_wconf 65' lang='lat' dir='ltr'>lt.</span> <span class='ocrx_word' id='word_1_302' title='bbox 2407 1332 2418 1349; x_wconf 28' lang='grc' dir='ltr'><strong>Α</strong></span> 
     </span>
     <span class='ocr_line' id='line_1_46' title="bbox 2368 1304 2403 1573; baseline -0.486 53"><span class='ocrx_word' id='word_1_303' title='bbox 2368 1304 2403 1573; x_wconf 57' lang='lat'>,1</span> 
     </span>
     <span class='ocr_line' id='line_1_47' title="bbox 2350 1574 2398 1891; baseline -0.029 -78.629"><span class='ocrx_word' id='word_1_304' title='bbox 2350 1574 2398 1891; x_wconf 52' lang='grc' dir='ltr'>ἐς</span> 
     </span>
    </p>
   </div>
   <div class='ocr_carea' id='block_1_6' title="bbox 2340 852 2363 1051">
    <p class='ocr_par' dir='ltr' id='par_1_9' title="bbox 2340 852 2363 1051">
     <span class='ocr_line' id='line_1_48' title="bbox 2340 852 2363 1051; textangle 90"><span class='ocrx_word' id='word_1_305' title='bbox 2353 1043 2358 1051; x_wconf 85' lang='grc'><em>·</em></span> <span class='ocrx_word' id='word_1_306' title='bbox 2350 977 2363 1038; x_wconf 49' lang='lat' dir='ltr'>“mm-t</span> <span class='ocrx_word' id='word_1_307' title='bbox 2340 871 2362 973; x_wconf 35' lang='lat' dir='ltr'>esum-„1:121</span> <span class='ocrx_word' id='word_1_308' title='bbox 2354 852 2356 857; x_wconf 98' lang='lat'>-</span> 
     </span>
    </p>
   </div>
   <div class='ocr_carea' id='block_1_7' title="bbox 0 0 2436 144">
    <p class='ocr_par' dir='ltr' id='par_1_10' title="bbox 0 0 2436 144">
     <span class='ocr_line' id='line_1_49' title="bbox 0 0 2436 144; baseline 0 3224"><span class='ocrx_word' id='word_1_309' title='bbox 0 0 2436 144; x_wconf 95' lang='lat' dir='ltr'> </span> 
     </span>
    </p>
   </div>
   <div class='ocr_carea' id='block_1_8' title="bbox 2395 479 2402 766">
    <p class='ocr_par' dir='ltr' id='par_1_11' title="bbox 2395 479 2402 766">
     <span class='ocr_line' id='line_1_50' title="bbox 2398 479 2401 486; baseline 0 0"><span class='ocrx_word' id='word_1_310' title='bbox 2398 479 2401 486; x_wconf 78' lang='grc'><strong><em>,</em></strong></span> 
     </span>
     <span class='ocr_line' id='line_1_51' title="bbox 2397 548 2401 556; baseline 0 0"><span class='ocrx_word' id='word_1_311' title='bbox 2397 548 2401 556; x_wconf 85' lang='grc'>.</span> 
     </span>
     <span class='ocr_line' id='line_1_52' title="bbox 2396 595 2402 621; baseline 0 0"><span class='ocrx_word' id='word_1_312' title='bbox 2396 595 2402 621; x_wconf 60' lang='lat' dir='ltr'>&#39;a</span> 
     </span>
     <span class='ocr_line' id='line_1_53' title="bbox 2398 662 2401 670; baseline 0 0"><span class='ocrx_word' id='word_1_313' title='bbox 2398 662 2401 670; x_wconf 46' lang='lat'>1</span> 
     </span>
     <span class='ocr_line' id='line_1_54' title="bbox 2395 747 2401 766; baseline 0 -2"><span class='ocrx_word' id='word_1_314' title='bbox 2395 747 2401 766; x_wconf 54' lang='lat' dir='ltr'>a·</span> 
     </span>
    </p>
   </div>
   <div class='ocr_carea' id='block_1_9' title="bbox 2396 768 2418 903">
    <p class='ocr_par' dir='ltr' id='par_1_12' title="bbox 2412 768 2414 778">
     <span class='ocr_line' id='line_1_55' title="bbox 2412 768 2414 778; baseline 0 0"><span class='ocrx_word' id='word_1_315' title='bbox 2412 768 2414 778; x_wconf 67' lang='grc'><strong>4</strong></span> 
     </span>
    </p>

    <p class='ocr_par' dir='ltr' id='par_1_13' title="bbox 2396 810 2418 903">
     <span class='ocr_line' id='line_1_56' title="bbox 2412 810 2415 834; baseline 0 0"><span class='ocrx_word' id='word_1_316' title='bbox 2412 810 2415 834; x_wconf 70' lang='grc' dir='ltr'><strong><em>ἑ</em></strong></span> 
     </span>
     <span class='ocr_line' id='line_1_57' title="bbox 2396 847 2402 855; baseline 0 0"><span class='ocrx_word' id='word_1_317' title='bbox 2396 847 2402 855; x_wconf 81' lang='grc' dir='ltr'>ι</span> 
     </span>
     <span class='ocr_line' id='line_1_58' title="bbox 2396 862 2418 903; baseline 0 -26"><span class='ocrx_word' id='word_1_318' title='bbox 2396 862 2418 903; x_wconf 46' lang='lat'>‘³¹⁴</span> 
     </span>
    </p>
   </div>
   <div class='ocr_carea' id='block_1_10' title="bbox 2408 922 2420 1153">
    <p class='ocr_par' dir='ltr' id='par_1_14' title="bbox 2408 922 2420 1153">
     <span class='ocr_line' id='line_1_59' title="bbox 2408 922 2420 1153; textangle 90"><span class='ocrx_word' id='word_1_319' title='bbox 2409 1115 2420 1153; x_wconf 51' lang='lat' dir='ltr'>*vn</span> <span class='ocrx_word' id='word_1_320' title='bbox 2410 1082 2419 1108; x_wconf 82' lang='grc'>.;-;</span> <span class='ocrx_word' id='word_1_321' title='bbox 2408 1012 2420 1074; x_wconf 46' lang='lat' dir='ltr'>:sanz</span> <span class='ocrx_word' id='word_1_322' title='bbox 2410 977 2419 999; x_wconf 64' lang='grc' dir='ltr'>,ιι</span> <span class='ocrx_word' id='word_1_323' title='bbox 2416 962 2419 969; x_wconf 63' lang='lat'><strong>.</strong></span> <span class='ocrx_word' id='word_1_324' title='bbox 2410 922 2419 952; x_wconf 50' lang='lat' dir='ltr'>m.-</span> 
     </span>
    </p>
   </div>
   <div class='ocr_carea' id='block_1_11' title="bbox 2350 1056 2361 1510">
    <p class='ocr_par' dir='ltr' id='par_1_15' title="bbox 2350 1056 2361 1510">
     <span class='ocr_line' id='line_1_60' title="bbox 2350 1056 2361 1510; textangle 90"><span class='ocrx_word' id='word_1_325' title='bbox 2351 1481 2360 1510; x_wconf 46' lang='lat' dir='ltr'>oe»</span> <span class='ocrx_word' id='word_1_326' title='bbox 2350 1409 2359 1473; x_wconf 46' lang='lat' dir='ltr'>rat·-</span> <span class='ocrx_word' id='word_1_327' title='bbox 2352 1380 2360 1397; x_wconf 66' lang='grc' dir='ltr'><strong><em>ψ</em></strong></span> <span class='ocrx_word' id='word_1_328' title='bbox 2352 1354 2353 1358; x_wconf 34' lang='grc' dir='ltr'><em>Α</em></span> <span class='ocrx_word' id='word_1_329' title='bbox 2351 1232 2361 1248; x_wconf 46' lang='lat' dir='ltr'>rt</span> <span class='ocrx_word' id='word_1_330' title='bbox 2351 1144 2361 1207; x_wconf 33' lang='grc' dir='ltr'>,πψτη</span> <span class='ocrx_word' id='word_1_331' title='bbox 2352 1096 2360 1132; x_wconf 51' lang='lat' dir='ltr'>vrn—</span> <span class='ocrx_word' id='word_1_332' title='bbox 2352 1056 2355 1060; x_wconf 52' lang='lat'><strong>⁴</strong></span> 
     </span>
    </p>
   </div>
   <div class='ocr_carea' id='block_1_12' title="bbox 2348 1510 2362 1784">
    <p class='ocr_par' dir='ltr' id='par_1_16' title="bbox 2348 1510 2362 1784">
     <span class='ocr_line' id='line_1_61' title="bbox 2348 1510 2362 1784; textangle 90"><span class='ocrx_word' id='word_1_333' title='bbox 2351 1777 2355 1784; x_wconf 69' lang='lat'>⁵</span> <span class='ocrx_word' id='word_1_334' title='bbox 2348 1626 2361 1732; x_wconf 59' lang='lat' dir='ltr'>‹=&#39;‘*:‘z·-⁴·.‘÷-</span> <span class='ocrx_word' id='word_1_335' title='bbox 2348 1535 2362 1616; x_wconf 40' lang='lat' dir='ltr'>&lt;sp-,35</span> <span class='ocrx_word' id='word_1_336' title='bbox 2351 1510 2360 1530; x_wconf 64' lang='lat' dir='ltr'>-v</span> 
     </span>
    </p>
   </div>
   <div class='ocr_carea' id='block_1_13' title="bbox 0 3029 2436 3364">
    <p class='ocr_par' dir='ltr' id='par_1_17' title="bbox 0 3029 2436 3364">
     <span class='ocr_line' id='line_1_62' title="bbox 0 3029 2436 3364; baseline 0 4"><span class='ocrx_word' id='word_1_337' title='bbox 0 3029 2436 3364; x_wconf 95' lang='lat' dir='ltr'> </span> 
     </span>
    </p>
   </div>
  </div>
 </body>
</html>
