2452 3352
621 322 678 366 12
1086 333 1135 365 M.
1175 333 1322 366 Tuum
1359 334 1624 367 elemzoxts

617 455 902 498 videbantur.
990 455 1117 498 ³Nec
1160 454 1237 497 ulli
1275 455 1499 497 bonarum
1542 455 1709 499 artium
1752 456 1960 512 magistri
2013 471 2105 501 non

615 527 740 571 beati
773 527 979 583 putandi,
1009 521 1236 584 quamvis‘
1259 528 1583 570 consenuerint
1624 527 1741 571 vires
1775 536 1913 585 atque
1955 530 2105 574 defec-

615 600 748 643 erint.
810 598 931 643 ‘Etsi
956 600 1056 656 ipsa
1078 600 1166 643 ista
1198 599 1395 643 defectio
1418 599 1582 643 virium
1608 600 1953 645 adulescentiae
1986 602 2108 646 vitiis

614 671 810 714 efficitur
842 671 1041 728 saepiuS,
1069 685 1210 728 quam
1243 671 1523 724 senectutis3
1566 671 1817 716 libidinosa
1848 673 2019 717 etenim
2061 683 2106 719 et

615 745 929 799 intemperans
961 743 1278 787 adulescentia
1306 744 1492 788 effetum
1515 759 1681 800 corpus
1703 745 1845 788 tradit
1867 747 2107 790 senectuti.

619 815 636 869 ξ
662 829 729 872 30.
767 818 911 873 Cyrus
953 815 1158 873 lquidem
1206 817 1328 873 apud
1376 817 1736 873 Xenophontem
1789 832 1844 861 eo
1895 832 2109 864 sermone

616 904 755 946 quem
774 890 974 933 moriens
998 890 1175 944 habuit,
1195 890 1353 946 ²quum
1372 890 1624 933 admodum
1649 905 1788 934 senex
1810 900 1947 945 esset,
1970 901 2108 948 negat

618 976 666 1005 se
720 976 923 1018 unquam
976 962 1177 1005 sensisse
1230 970 1513 1005 senectutem
1576 976 1706 1004 suam
1760 962 2108 1007 imbecilliorem

615 1034 803 1088 factam,
834 1048 974 1092 quam
1011 1034 1328 1078 adulescentia
1371 1034 1544 1079 suisset.
1608 1033 1736 1090 ³Ego
1783 1036 1829 1078 L.
1869 1036 2108 1079 Metellum

615 1106 805 1149 memini
837 1107 1089 1163 puer—qui
1127 1122 1268 1163 quum
1301 1107 1605 1163 quadriennio
1636 1115 1741 1163 post
1773 1108 1970 1152 alterum
2002 1123 2109 1152 con-

618 1179 818 1222 sulatum
856 1180 1062 1236 pontifex
1098 1180 1325 1223 maximus
1359 1180 1506 1224 factus
1543 1188 1679 1234 esset,
1709 1181 1871 1236 viginti
1908 1189 1955 1225 et
1992 1181 2109 1225 duos

617 1266 765 1295 annos
780 1252 820 1295 ei
836 1253 1095 1296 sacerdotio
1114 1252 1433 1309 praefuit—ita
1446 1252 1581 1295 bonis
1599 1267 1700 1297 esse
1715 1253 1886 1297 viribus
1904 1261 2111 1297 extremo

613 1334 821 1382 tempore
843 1326 1025 1375 aetatis,
1046 1335 1094 1370 ut
1117 1327 1482 1370 adulescentiam
1509 1340 1603 1368 non
1627 1326 1888 1383 requireret.
1950 1326 2108 1370 ⁴Nihi1

614 1412 805 1443 necesse
837 1406 907 1442 est
939 1398 1051 1441 mihi
1082 1399 1141 1443 de
1172 1414 1248 1443 me
1276 1400 1377 1456 ipso
1409 1400 1587 1451 dicere3
1624 1397 1925 1455 ⁵quamquam
1957 1408 2027 1444 est
2057 1399 2104 1443 id

614 1471 803 1527 quidem
826 1471 983 1528 senile,
1006 1471 1238 1528 aetatique
1261 1480 1445 1516 nostrae
1467 1471 1746 1515 conceditur.

674 1588 816 1645 X.-§
854 1601 920 1644 31.
955 1589 1235 1636 ¹Videtisne.
1266 1593 1331 1633 ²ut
1363 1590 1486 1646 apud
1533 1591 1793 1633 Homerum
1827 1589 2100 1645 saepissime

612 1662 814 1705 “Nestor
828 1662 886 1705 de
904 1662 1147 1707 virtutibus
1172 1662 1265 1705 suis
1283 1663 1547 1719 praedicet?
1598 1661 1831 1706 *Tertiam
1853 1663 1977 1706 enim
2004 1662 2101 1718 jam

613 1742 812 1777 aetatem
836 1734 1078 1778 hominum
1100 1735 1283 1779 vivebat
1307 1751 1316 1786 3
1352 1737 1454 1778 ⁵nec
1472 1743 1568 1779 erat
1591 1735 1632 1779 ei
1650 1735 1902 1778 verendum
1921 1749 1978 1778 ne
1996 1749 2104 1778 vera

614 1806 671 1849 de
695 1821 745 1850 se
767 1807 1040 1863 praedicans
1064 1807 1200 1850 nimis
1231 1807 1459 1850 videretur
1490 1816 1569 1850 aut
1592 1808 1794 1851 insolens
1816 1816 1892 1850 aut
1916 1808 2096 1863 loquax.

617 1880 818 1932 Etenim,
861 1888 909 1923 ut
951 1880 1013 1923 ait
1063 1880 1308 1930 Homerus,
1339 1878 1411 1923 Gex
1443 1879 1539 1935 ejus
1573 1879 1728 1934 lingua
1761 1880 1895 1922 melle
1928 1879 2106 1922 dulcior

616 1951 785 1995 fluebat
817 1952 976 1994 oratio.
1043 1952 1196 2007 Quam
1228 1951 1285 1994 ad
1318 1951 1611 1994 ⁷suavitatem
1641 1951 1777 1993 nullis
1809 1951 1975 2005 egebat
2007 1965 2104 1993 cor-

613 2024 738 2079 poris
758 2024 951 2067 viribus:
976 2033 1019 2068 et
1036 2033 1190 2068 tamen
1205 2023 1314 2066 3111111
1329 2024 1402 2066 ille
1419 2024 1642 2066 Graeciae
1658 2037 1885 2080 nusquam
1901 2032 2102 2079 optat‚ut

608 2096 784 2152 ”Ajacis
808 2096 980 2140 similes
1004 2096 1172 2140 habeat
1196 2096 1373 2149 decem,
1392 2095 1505 2138 ¹⁰sed
1525 2104 1573 2138 ut
1602 2096 1813 2138 Nestoris
1837 2110 1844 2138 :
1879 2096 2039 2152 llquod
2064 2096 2100 2139 si

611 2169 697 2211 sibi
722 2168 956 2215 acciderit.
979 2183 1072 2212 non
1106 2168 1300 2218 dubitat,
1323 2168 1434 2224 quin
1464 2168 1590 2210 brevi
1625 2168 1681 2211 sit
1714 2167 1856 2223 Troja
1887 2167 2102 2221 peritura.

615 2241 634 2294 ἐ
659 2254 728 2297 32.
762 2242 878 2285 lsed
903 2242 1041 2286 redeo
1065 2242 1124 2285 ad
1145 2256 1226 2285 me.
1296 2243 1521 2297 Quartum
1544 2255 1632 2295 ago
1655 2255 1830 2283 annum
1852 2249 1895 2283 et
1921 2249 2105 2296 octoge-

616 2319 782 2360 simum
808 2333 814 2360 :
840 2317 1023 2361 ²vellem
1046 2316 1261 2373 equidem
1287 2330 1421 2372 posse
1440 2315 1561 2358 idem
1577 2315 1777 2369 gloriari,
1795 2314 1919 2370 quod
1944 2315 2108 2369 Cyrus,

614 2391 695 2433 sed
731 2398 882 2435 tamen
923 2390 1011 2432 hoc
1045 2391 1182 2446 ³queo
1218 2389 1385 2442 dicere,
1418 2402 1511 2430 non
1551 2401 1625 2431 me
1660 2387 1848 2444 quidem
1879 2387 1969 2430 4eis
2005 2401 2106 2430 esse

615 2462 802 2515 viribus,
824 2462 992 2518 quibus
1015 2470 1092 2505 aut
1110 2462 1241 2504 miles
1260 2460 1380 2504 bello
1407 2460 1578 2502 Punico
1601 2468 1678 2503 aut
1701 2468 1919 2516 quaestor
1941 2459 2107 2503 eodem

613 2535 736 2579 bello
752 2544 830 2579 aut
852 2534 1014 2577 consul
1036 2534 1081 2576 in
1110 2533 1339 2590 Hispania
1359 2532 1540 2576 ⁵fue1·im
1563 2540 1640 2575 aut
1663 2531 1969 2589 quadriennio
1987 2540 2108 2589 post,

614 2621 758 2664 quum
775 2608 985 2655 tribunus
1003 2607 1214 2652 militaris
1232 2605 1491 2663 depugnavi
1506 2605 1632 2661 apud
1651 2605 2005 2661 Thermopylas,
2026 2605 2100 2649 Μ’.

615 2680 766 2724 Acilio
789 2680 1041 2724 Glabrione
1063 2680 1252 2723 consule
1272 2694 1280 2723 :
1316 2678 1397 2722 sed
1420 2686 1591 2733 tamen,
1613 2685 1661 2721 ut
1684 2692 1767 2721 vos
1791 2677 1972 2730 videtis,
1992 2678 2107 2721 ὃ11011

614 2754 753 2811 plane
775 2768 849 2798 me
870 2753 1118 2809 enervavit,
1138 2767 1230 2796 non
1248 2752 1406 2796 afflixit
1430 2760 1642 2796 senectus
1666 2765 1673 2795 :
1709 2765 1803 2794 non
1825 2750 1968 2794 '‘curia
1989 2750 2109 2795 vires

614 2839 744 2869 meas
765 2825 1013 2878 desiderat,
1036 2839 1128 2868 non
1150 2826 1330 2878 ⁸rostra,
1353 2838 1445 2867 non
1476 2823 1630 2879 amici,
1652 2837 1745 2866 non
1765 2822 1994 2878 ⁹clientes,
2015 2836 2109 2867 non

613 2897 832 2956 hospites.
895 2895 928 2921 ¹⁰
944 2898 1045 2942 Nec
1076 2897 1202 2941 enim
1234 2910 1438 2955 unquam
1469 2910 1573 2941 sum
1604 2909 1825 2940 assensus
1856 2895 1999 2941 veteri
2042 2895 2107 2939 illi
