2436 3384
676 382 801 419 OA'ro
838 383 1002 418 MAJOR
1039 385 1105 419 nn
1140 386 1442 420 sensorum.
1743 372 1799 419 31

323 515 397 565 set,
427 513 526 553 tum
568 519 658 549 esse
697 506 962 561 sapientem.
1032 507 1190 563 Atque
1231 509 1388 560 etiam,
1419 520 1564 563 quum
1601 506 1808 550 hominis

325 586 493 626 natura
526 581 669 621 morte
698 576 992 632 dissolvitur,
1013 577 1291 622 “ceterarmn
1327 592 1483 621 rerum
1500 579 1755 635 perspicua
1765 592 1809 620 m

325 658 387 699 est
427 665 516 709 quo
566 646 772 706 quaeque
811 649 1013 692 discedat
1027 666 1043 693 .·
1095 651 1265 693 abeunt
1314 652 1437 693 enim
1480 650 1596 693 illuc
1635 651 1811 703 omnia,

328 725 442 769 uncle
471 727 574 766 orta
604 726 751 772 sauls
781 721 991 764 ‘’emimus
1021 727 1176 765 autem
1205 723 1346 777 solus,
1379 736 1459 766 nec
1486 736 1632 778 quum
1668 722 1812 775 adest,

329 810 403 841 nec
421 808 565 852 quum
587 793 805 846 discessit,
821 796 1027 848 apparet.
1093 793 1234 851 7ζῖιιυι
1251 808 1360 837 vero
1378 795 1548 837 videtis
1562 794 1701 847 mltil,
1715 807 1813 837 esse

328 869 464 913 morti
491 872 588 909 tam
609 865 776 918 simile,
799 879 939 920 quam
962 880 1188 909 sonutam.
1245 867 1267 919 ς’
1286 868 1353 910 81.
1385 867 1557 923 ¹Atqm·
1574 867 1810 909 dormien-

327 943 440 985 tium
461 939 616 982 animi
635 939 838 980 maxime
859 938 1100 981 declarant
1115 939 1416 981 divinitatem
1438 952 1573 981 suam
1592 954 1609 982 .·
1642 939 1813 980 '‘nzttlta

327 1013 457 1068 enim,
492 1023 639 1067 quum
672 1010 858 1052 remissi
885 1015 929 1052 ct
969 1010 1107 1054 liberi
1140 1017 1266 1066 sunt,
1306 1012 1477 1063 fictura
1500 1012 1813 1068 prospiciunt.

326 1084 421 1128 ³52·
456 1097 546 1141 quo
587 1081 877 1138 intellegitur
911 1082 1071 1138 quales
1106 1084 1270 1136 futuri
1286 1086 1398 1137 sint,
1419 1097 1564 1139 quum
1596 1097 1643 1125 se
1667 1086 1817 1139 plane

327 1160 519 1212 corporis
550 1156 758 1200 vinculis
780 1157 1116 1200 relaxaverint.
1189 1158 1346 1212 Quare
1376 1158 1422 1200 si
1449 1157 1559 1201 ltaec
1589 1158 1657 1200 ita
1688 1163 1817 1211 sunt,

326 1239 389 1281 sic
407 1249 474 1278 me
503 1233 713 1284 ⁴colitote,
736 1232 898 1286 inquit,
922 1237 975 1275 ut
1002 1233 1137 1276 deum
1150 1249 1172 1284 ‚·
1203 1231 1296 1276 ⁵sin
1321 1247 1419 1275 mm
1441 1237 1508 1276 est
1529 1234 1817 1276 interiturus

328 1308 509 1351 animus
530 1317 634 1348 cum
666 1318 865 1359 corpore,
897 1318 979 1347 vos
1016 1309 1184 1359 tamen,
1222 1305 1325 1347 deos
1347 1309 1570 1359 verentes,
1591 1306 1679 1361 qui
1696 1305 1821 1349 lianc

330 1392 498 1422 omnem
536 1375 942 1434 pulchritmlinem
989 1381 1184 1420 tuentur
1228 1382 1272 1419 et
1311 1382 1495 1432 regunt,
1545 1379 1817 1421 memoriam

334 1450 478 1493 nostri
488 1450 571 1506 pie
593 1447 910 1503 inviolateque
931 1449 1194 1491 servabitis.

384 1563 659 1622 XX111.-§
686 1565 755 1608 82.
793 1565 960 1621 ¹Cyrus
999 1565 1187 1620 quidem
1226 1566 1342 1610 haec
1397 1566 1610 1610 moriens.
1680 1565 1816 1621 ²Nos,

265 1659 268 1662 ·
334 1638 367 1683 si
389 1638 556 1696 placet,
588 1645 747 1681 nostra
778 1636 1034 1681 videamus.
1078 1639 1231 1681 Nemo
1264 1651 1467 1693 unquam
1499 1638 1625 1693 mihi,
1650 1638 1825 1696 Scipio,

333 1710 638 1769 persuadebit,
679 1717 759 1754 aut
800 1717 980 1766 patrem
1012 1718 1142 1754 tuum
1187 1711 1396 1767 Paulum,
1427 1719 1506 1754 aut
1543 1711 1661 1755 duos
1695 1725 1823 1766 avos,

264 1771 269 1780 ⁵
336 1783 520 1827 Paulum
543 1791 589 1827 et
626 1781 909 1836 Africanum,
930 1791 1009 1826 aut
1038 1783 1242 1826 Africani
1270 1792 1448 1840 patrem
1470 1791 1547 1826 aut
1569 1779 1820 1840 ³patruum‚

335 1865 408 1901 aut
441 1856 609 1900 multos
652 1863 940 1911 praestantes
981 1856 1117 1912 viros,
1159 1869 1273 1911 quos
1311 1870 1580 1900 enumerare
1621 1869 1715 1899 non
1749 1863 1818 1900 est

337 1941 534 1984 necesse,
566 1935 695 1972 tanta
738 1941 840 1971 esse
883 1936 1089 1980 conatos,
1130 1927 1265 1983 4quae
1306 1928 1367 1971 ad
1401 1928 1682 1984 posteritatis
1725 1941 1819 1971 me-

337 2000 520 2044 moriam
556 2000 855 2057 pertinerent,
899 2000 986 2043 nisi
1028 2000 1185 2043 animo
1227 2009 1466 2044 cernerent
1503 2000 1818 2057 posteritatem

280 2089 284 2115 ·,
337 2072 390 2116 ad
440 2072 565 2129 ipsos
619 2072 859 2129 pertinere.
941 2073 1096 2116 ⁵Anne
1149 2082 1435 2116 censes—-ut
1487 2073 1545 2116 de
1596 2087 1669 2116 me
1721 2072 1820 2129 ipse

338 2144 500 2200 aliquid
533 2159 662 2188 more
698 2158 860 2188 senum
890 2145 1190 2200 glorierm--me
1227 2155 1380 2190 tantos
1418 2145 1598 2188 labores
1631 2145 1822 2188 diurnos

338 2226 667 2272 nocturnosque
719 2217 846 2260 domi
894 2217 1156 2271 militaeque
1208 2226 1529 2275 suscepturum
1574 2217 1731 2273 fuisse,
1783 2218 1821 2261 si

278 2279 283 2291 ⁹
338 2289 504 2333 eisdem
526 2289 695 2333 finibus
718 2290 909 2346 gloriam
940 2304 1106 2344 meam,
1129 2291 1293 2345 quibus
1317 2292 1473 2344 vitam,
1495 2304 1645 2334 essem
1667 2290 1820 2334 termi-

281 2417 283 2422 .
342 2363 552 2407 naturus?
608 2365 777 2407 Nonne
800 2363 963 2407 melius
986 2365 1130 2408 multo
1153 2365 1313 2408 fuisset
1336 2365 1533 2408 otiosam
1555 2371 1756 2407 aetatem
1778 2371 1823 2406 et

288 2432 294 2445 ³
341 2435 532 2491 quietam
555 2437 655 2480 sine
677 2436 770 2479 ullo
792 2437 948 2480 labore
971 2446 1014 2480 et
1048 2437 1344 2481 contentione
1376 2436 1650 2481 traducere?
1714 2436 1823 2489 Sed,

342 2506 507 2552 ⁶nescio
530 2521 621 2564 quo
643 2508 799 2562 modo,
821 2508 1004 2552 animus
1026 2509 1207 2565 erigens
1231 2523 1280 2552 se
1301 2508 1618 2565 posteritatem
1642 2520 1824 2564 semper

343 2578 399 2624 ita
439 2581 764 2638 prospiciebat,
811 2581 957 2636 quasi.
1001 2594 1141 2636 quum
1186 2582 1459 2625 excessisset
1507 2595 1531 2624 e
1574 2580 1681 2634 vita,
1725 2589 1821 2624 tum

345 2652 530 2709 denique
562 2653 765 2698 victurus
788 2662 923 2697 esset.
991 2651 1147 2710 '‘Quod
1182 2653 1367 2708 quidem
1388 2653 1435 2695 ni
1458 2652 1521 2695 ita
1545 2666 1594 2695 se
1616 2652 1823 2706 haberet,

342 2735 386 2770 ut
407 2727 547 2770 animi
570 2727 856 2771 immortales
878 2736 1048 2779 essent,
1070 2727 1195 2770 haud
1217 2726 1378 2783 optimi
1400 2726 1619 2783 cujusque
1641 2726 1822 2769 animus

347 2799 533 2843 maxime
553 2800 615 2843 ad
637 2798 994 2843 immortalitatis
1016 2799 1209 2855 gloriam
1231 2799 1462 2843 niteretur,
1520 2799 1542 2851 ἓ
1564 2799 1631 2853 83.
1666 2797 1824 2854 ¹Quid,

347 2873 457 2926 quod
489 2873 858 2931 sapientissimus
897 2873 1087 2928 quisque
1124 2872 1403 2928 aequissimo
1430 2872 1587 2915 animo
1618 2872 1824 2925 moritur,

347 2945 632 2990 stultissimus
664 2946 984 3001 iniquissimo?
1044 2945 1236 2990 ²Nonne
1272 2945 1405 2990 vobis
1436 2944 1617 2989 videtur
1641 2944 1824 2988 animus
