2436 3400
733 394 862 426 oA'ro
899 394 1063 427 MAJOR
1099 395 1165 427 m:
1201 393 1505 427 εεΝΕοτι-ῬΕ.
1805 383 1829 427 2

377 516 511 570 venit,
529 524 636 559 tunc
654 515 781 569 illud,
798 516 921 570 quod
939 514 1384 572 praeteriit,³effluxit
1406 529 1414 557 ε
1441 522 1619 558 tantum
1639 524 1861 568 remanet,

375 588 493 646 quod
517 588 681 631 virtute
702 596 746 631 et
768 597 892 631 recte
913 588 1047 633 factis
1070 596 1344 631 consecutus
1368 601 1430 629 es.
1498 587 1657 630 Horae
1674 588 1863 642 quidem

374 662 538 706 cedunt
560 669 604 704 et
626 660 725 704 dies
747 669 791 704 et
814 675 998 705 menses
1021 670 1067 705 et
1088 661 1195 704 anni
1217 677 1227 713 ς
1261 674 1343 703 nec
1362 659 1661 716 praeteritum
1678 669 1863 716 tempus

374 745 571 787 unquam
585 732 823 776 revertitur
837 747 847 784 ς
881 746 964 775 nec
982 732 1109 787 ⁴quid
1127 739 1343 785 sequatur
1365 731 1469 774 sciri
1492 740 1656 786 potest.
1722 733 1859 788 Quod

309 807 312 811 ’
372 805 530 859 cuique
565 804 784 860 temporis
821 804 880 847 ad
919 804 1168 849 vivendum
1204 804 1354 856 datur,
1376 817 1434 846 eo
1462 802 1599 847 debet
1625 817 1730 847 esse
1750 818 1859 847 eon-

305 928 308 935 ,
374 884 535 921 tentus.
592 874 613 928 ξ
631 887 699 929 70.
723 878 736 904 ¹
751 877 912 930 Neque
929 879 1053 921 enim
1069 877 1297 927 histrioni,
1314 886 1361 919 ut
1381 876 1577 932 placeat,
1592 877 1860 932 peragenda

374 956 438 992 est
460 947 627 1000 fabula,
650 948 805 999 morlo,
823 950 866 990 in
890 960 1178 1003 quocumque
1195 947 1329 991 fuerit
1351 955 1473 1001 actu,
1495 947 1713 1003 probetur
1733 963 1742 998 ;
1777 962 1862 991 nec

374 1019 560 1075 sapienti
606 1034 651 1058 ss
721 1039 729 1061 ς
761 1020 821 1063 ad
844 1019 1075 1064 ²Plamltte
1107 1020 1386 1063 veniendum
1409 1027 1492 1063 est.
1560 1020 1705 1062 Breve
1728 1020 1855 1062 enim

373 1099 548 1147 tempus
563 1092 727 1135 aetatis
741 1092 851 1135 satis
870 1100 939 1135 est
956 1093 1146 1148 longum
1163 1092 1223 1135 ad
1241 1093 1358 1135 bene
1373 1092 1657 1146 honesteque
1674 1092 1862 1135 vivend-

374 1179 446 1207 um
465 1179 473 1207 :
508 1163 595 1207 ²sin
632 1167 903 1221 processerit
937 1167 1133 1222 longius,
1171 1181 1262 1209 non
1303 1167 1451 1222 magis
1484 1165 1737 1208 dolendum
1776 1176 1863 1211 est.

371 1249 501 1290 quarn
524 1236 750 1292 agricolae
774 1238 814 1280 d«
841 1240 945 1289 Qun,
962 1239 1206 1294 praeterita
1223 1239 1349 1282 verni
1373 1239 1596 1294 temporis
1618 1238 1862 1293 suavitate,

372 1315 591 1351 aestatem
631 1316 995 1363 autumnumque
1036 1309 1231 1354 venisse.
1316 1310 1427 1353 'Ver
1460 1310 1584 1353 enlm
1621 1318 1861 1364 tamquam

368 1381 726 1425 adulescentiam
750 1382 992 1438 significat,
1014 1384 1308 1438 ostenditque
1330 1385 1504 1427 fructus
1526 1383 1702 1426 futuros
1724 1398 1731 1425 :
1759 1384 1862 1426 reli-

368 1467 451 1509 qua
481 1462 634 1498 autem
667 1463 873 1507 tenuth*
908 1455 1198 1499 demetendis
1229 1456 1455 1498 fructibus
1478 1463 1520 1497 et
1545 1454 1858 1511 percipiendis

367 1526 712 1571 accommodata
735 1542 850 1571 sunt.
917 1525 1028 1580 §7r.
1067 1529 1262 1571 Fructus
1286 1526 1457 1571 'autem
1491 1527 1741 1570 senectutis
1771 1537 1858 1583 est,

367 1600 427 1644 ²ut
450 1614 585 1657 saepe
612 1600 719 1655 dixi,
741 1609 849 1645 ante
871 1610 1109 1657 partorum
1130 1602 1359 1645 bonorum
1386 1601 1609 1644 memoria
1633 1609 1676 1644 et
1701 1601 1849 1657 copia.

304 1668 306 1670 V
373 1674 538 1718 Omnia
553 1682 720 1729 autem,
730 1687 849 1730 quae
862 1674 1139 1718 ³secundum
1152 1683 1365 1718 naturam
1376 1674 1504 1727 fiunt,
1515 1682 1619 1717 sunt
1634 1673 1853 1718 habenda

367 1746 409 1789 in
431 1746 575 1789 bonis.
640 1746 763 1803 Quid
796 1754 865 1790 est
897 1755 1053 1790 autem
1079 1755 1175 1790 tam
1197 1746 1455 1790 secundum
1478 1754 1691 1789 naturam
1714 1758 1853 1800 quam

367 1818 547 1862 senibus
565 1818 741 1861 emori?
768 1818 890 1872 quod
906 1818 1031 1863 idem
1046 1819 1270 1874 contingit
1286 1818 1677 1871 adulescentibus,
1692 1818 1854 1862 adver-

367 1900 490 1935 sante
507 1900 550 1934 et
567 1900 850 1948 repugnante
869 1900 1043 1936 natura.
1116 1894 1277 1947 Itaque
1294 1892 1615 1935 adulescentes
1633 1892 1748 1934 mori
1768 1892 1852 1935 *sic

368 1962 472 2005 mihi
514 1963 740 2014 videntur,
777 1971 825 2006 ut
863 1975 1004 2017 quum
1030 1977 1177 2019 aquae
1208 1964 1505 2008 multitudine
1536 1964 1604 2006 vis
1635 1963 1853 2008 flammae

368 2035 660 2091 opprimitur3
700 2037 854 2078 ⁵senes
886 2045 1043 2079 autem
1076 2036 1156 2082 sic.
1180 2045 1227 2080 ut
1260 2051 1367 2080 cum
1401 2051 1485 2080 sua
1518 2046 1697 2092 sponte,
1729 2037 1856 2080 vulla

365 2108 567 2152 adhibita
611 2108 668 2162 vi,
712 2117 1014 2165 consumptus
1056 2110 1175 2166 ignis
1209 2110 1524 2166 exstinguitur.
1607 2111 1678 2156 Et,
1700 2110 1850 2164 6quasi

369 2194 497 2236 poma
518 2195 572 2224 ex
594 2181 848 2235 arboribus,
867 2182 905 2224 si
928 2183 1070 2225 cruda
1092 2192 1211 2227 sunt.
1229 2183 1303 2226 vix
1321 2183 1590 2236 evelluntur,
1609 2182 1645 2225 si
1670 2191 1852 2225 matura

367 2263 406 2296 et
446 2262 590 2310 cocta,
623 2254 857 2308 decidunt,
891 2254 956 2297 sic
988 2254 1130 2298 vitam
1162 2253 1553 2300 ⁷adulescentibus
1592 2255 1658 2298 vis
1689 2255 1852 2301 aufert.

298 2332 301 2340 ⁴
365 2326 543 2370 senibus
565 2327 818 2370 maturitas.
880 2326 1030 2383 ‘'Quae
1053 2327 1167 2371 mihi
1198 2328 1389 2384 quidem
1409 2336 1506 2370 tam
1532 2326 1738 2383 jucunda
1763 2335 1851 2380 est,

301 2449 304 2453 .
365 2407 423 2452 ut,
444 2412 531 2453 quo
563 2400 750 2455 propius
783 2399 841 2442 ad
865 2407 1061 2443 mortem
1090 2401 1328 2454 accedam,
1350 2400 1478 2455 quasi
1502 2409 1669 2443 terram
1697 2399 1851 2443 videre

365 2471 527 2528 videar,
549 2472 888 2527 aliquandoque
908 2472 954 2516 in
978 2481 1163 2528 portum
1183 2488 1237 2518 ex
1259 2475 1398 2529 longa
1421 2472 1716 2527 navigatione
1748 2486 1851 2516 esse

368 2552 591 2588 venturus.

417 2661 606 2719 XX.—§
626 2673 693 2715 72.
719 2661 943 2705 Omnium
959 2670 1165 2706 aetatum
1182 2665 1352 2708 ¹certus
1373 2672 1440 2706 cst
1461 2662 1684 2706 terminus
1707 2677 1715 2706 :
1750 2675 1852 2704 sen-

341 2734 520 2780 ,.ectutis
556 2745 709 2779 autem
747 2734 898 2777 nullus
940 2743 1092 2778 certus
1135 2744 1204 2779 est
1245 2736 1501 2787 terminus;
1554 2743 1767 2789 recteque
1801 2734 1847 2777 in

364 2816 413 2847 ea
447 2807 643 2861 ²vivitur‚
676 2805 845 2862 ³qu0ad
877 2820 1045 2850 munus
1082 2807 1203 2850 offici
1241 2808 1427 2863 exsequi
1465 2816 1512 2852 et
1542 2805 1655 2850 tueri
1694 2806 1847 2862 possis

363 2887 642 2936 mortemque
692 2888 1002 2923 contemnere.
1080 2881 1183 2922 4lix
1234 2893 1325 2935 quo
1378 2880 1441 2932 tit,
1492 2887 1541 2923 ut
1593 2878 1846 2921 animosior

331 2961 340 3007 ᾗ
363 2949 494 2995 etiam
530 2960 744 2997 senectus
774 2951 832 2996 sit
864 2964 1003 3007 quam
1033 2953 1367 3009 adulescentia,
1401 2961 1445 2998 et
1479 2951 1657 2997 fortior.
1720 2949 1847 2995 5Ι-Ιος

2210 2807 2220 2845 «Ξ

2212 2902 2221 2923 ,a

2210 2924 2222 2956 ξ

2341 112 2360 132 (Χ

2332 131 2348 142 „

2352 146 2358 158 '⁷

2335 303 2341 329 ὲ

2336 340 2346 351 ἶ,

2336 403 2353 423 ι

2337 424 2340 441 ἕ

2338 533 2342 542 ‚

2353 641 2360 676 ἒ

2354 677 2359 684 ,

2342 686 2363 700 7.

2344 731 2346 736 .
2375 728 2377 737 >

2343 769 2347 783 e

2344 788 2349 803 ι.
2373 790 2377 798 ¹

2345 815 2377 853 Ιὲί

2347 860 2380 872 14.
