2420 3384
551 318 610 365 26
1016 334 1066 368 M.
1107 335 1257 368 ‘rum
1294 334 1557 368 CICERONJS

606 454 828 512 X1X.-§
853 455 923 499 66.
958 457 1135 513 Quarta
1166 465 1306 501 restat
1329 470 1483 511 causa,
1505 469 1621 511 quae
1644 455 1842 499 maxime
1864 469 2034 512 angere

551 526 703 581 ¹atque
739 528 981 571 sollicitam
1010 529 1177 573 habere
1201 538 1405 573 nostram
1433 537 1632 572 aetatem
1655 529 1847 580 videtur,
1869 542 2034 585 appro-

546 599 782 654 pinquatio
803 609 964 643 mortis
987 616 996 653 ;
1028 614 1144 656 quae
1167 610 1289 645 certe
1311 616 1337 644 a
1359 610 1596 645 senectute
1619 615 1708 643 non
1726 609 1880 657 potest
1895 602 2034 657 longe

548 672 724 716 abesse.
789 674 828 716 O
863 673 1079 718 miserum
1105 673 1295 730 ²senem,
1318 675 1392 729 qui
1415 682 1611 717 mortem
1642 673 2033 718 contemnendam

550 756 650 787 esse
666 744 712 786 in
727 753 820 787 tam
837 744 973 801 longa
993 754 1146 791 aetate
1163 761 1256 789 non
1275 746 1437 790 viderit
1459 748 1466 789 1
1488 747 1624 801 ³quae
1641 753 1718 789 aut
1736 746 1873 802 plane
1891 745 2034 801 negli-

546 814 698 869 genda
749 824 831 868 est,
873 816 911 859 si
963 818 1153 860 omnino
1204 817 1451 873 exstinguit
1500 818 1722 871 animum,
1773 825 1852 860 aut
1893 816 2034 861 etiam

548 889 767 945 optanda,
788 890 824 933 si
857 890 1027 945 ⁴aliquo
1062 905 1168 935 eum
1200 891 1385 935 deducit
1408 891 1485 934 ubi
1518 891 1575 934 sit
1608 891 1784 934 futurus
1806 898 2034 934 aeternus.

550 961 687 1016 Atqui
705 960 907 1006 ⁵tertiurn
925 971 1047 1007 certe
1065 964 1177 1006 nihil
1192 963 1381 1007 inveniri
1402 972 1564 1020 potest.
1610 961 1714 1016 §62
1739 961 1883 1019 ¹Quid
1900 962 2038 1018 igitur

546 1032 750 1088 timeam,
773 1034 808 1077 si
842 1043 922 1078 aut
958 1049 1052 1079 non
1087 1037 1225 1080 miser
1256 1045 1359 1093 post
1391 1044 1587 1079 mortem
1610 1044 1687 1079 aut
1708 1036 1872 1081 beatus
1894 1034 2035 1079 etiam

546 1104 724 1150 futurus
757 1106 892 1150 sum?
952 1108 1267 1164 ²Quamquam
1289 1108 1388 1157 quis
1411 1116 1481 1152 est
1502 1116 1598 1151 tam
1622 1108 1801 1161 stultus,
1824 1107 2035 1162 quamvis

547 1178 602 1221 sit
639 1178 928 1234 adulescens,
950 1181 1022 1224 cui
1060 1182 1120 1225 sit
1153 1182 1440 1238 exploratum
1474 1194 1521 1224 se
1558 1180 1620 1223 ad
1653 1193 1896 1237 vesperum
1933 1192 2035 1223 esse

548 1249 807 1295 victurum?
866 1251 1011 1308 ³Quin
1053 1254 1194 1296 etiam
1236 1262 1362 1297 aetas
1401 1253 1476 1295 illa
1512 1253 1658 1296 multo
1693 1253 1863 1309 plures,
1893 1266 2034 1309 quam

546 1332 718 1378 nostra,
740 1323 899 1367 mortis
933 1338 1068 1368 casus
1103 1326 1273 1368 habet:
1305 1325 1484 1369 facilius
1520 1325 1566 1368 in
1605 1326 1792 1369 morbos
1825 1324 2035 1369 incidunt

543 1395 879 1450 adulescentes,
899 1397 1085 1452 gravius
1107 1406 1362 1453 aegrotant,
1384 1398 1556 1442 tristius
1580 1406 1807 1441 curantur.
1874 1398 2036 1451 Itaque

548 1467 682 1523 pauci
701 1468 887 1513 veniunt
904 1469 964 1513 ad
982 1478 1267 1514 senectutem
1288 1485 1295 1513 :
1319 1468 1459 1525 ⁴quod
1474 1470 1518 1512 ni
1535 1471 1599 1513 ita
1612 1470 1856 1525 accideret,
1870 1469 2036 1513 melius

549 1549 592 1584 et
614 1541 885 1597 prudentius
907 1542 1146 1588 viveretur.
1207 1540 1364 1586 ⁵Mens
1383 1543 1507 1587 enim
1523 1551 1568 1587 et
1591 1543 1706 1586 ratio
1728 1550 1773 1587 et
1791 1542 2036 1586 consilium

552 1612 595 1655 in
615 1613 801 1657 senibus
822 1622 909 1669 est,
923 1611 1017 1670 “qui
1040 1615 1079 1658 si
1097 1615 1206 1658 nulli
1225 1615 1432 1665 fuissent,
1448 1615 1596 1658 nullae
1620 1615 1808 1658 omnino
1827 1615 2036 1659 civitates

549 1685 755 1731 fuissent.
797 1684 916 1731 '‘Sed
934 1687 1072 1732 redeo
1090 1688 1150 1731 ad
1169 1697 1365 1732 mortem
1385 1688 1743 1744 impendentem.
1787 1687 1946 1744 ⁸Quod
1967 1696 2037 1733 est

552 1758 673 1802 istud
725 1759 897 1803 crimen
949 1761 1216 1814 senectutis,
1253 1774 1392 1816 quum
1446 1761 1553 1805 illud
1608 1761 1649 1804 ei
1700 1761 1895 1804 videatis
1939 1774 2045 1805 cum

551 1832 865 1876 adulescentia
888 1847 989 1877 esse
1012 1834 1293 1877 commune?
1355 1832 1377 1886 ξ
1398 1833 1467 1876 63.
1504 1833 1638 1877 Sensi
1671 1847 1755 1890 ego
1779 1832 1844 1876 ¹in
1867 1833 2044 1890 optimo

556 1903 646 1947 filio
691 1919 807 1960 meo,
842 1905 908 1948 ²tu
933 1905 978 1948 in
1009 1906 1289 1962 exspectatis
1322 1906 1379 1948 ad
1403 1905 1738 1962 amplissimam
1771 1906 2046 1961 dignitatem

554 1974 768 2021 fratribus
785 1977 889 2031 tuis,
909 1978 1079 2035 scipio,
1098 1987 1292 2022 mortem
1311 1980 1435 2021 omni
1455 1979 1593 2022 aetati
1612 1992 1713 2023 esse
1731 1992 2043 2022 communem.

552 2051 627 2093 ’At
652 2058 805 2106 sperat
822 2051 1096 2095 adulescens
1114 2052 1192 2095 diu
1217 2066 1265 2095 se
1283 2052 1509 2096 victurum
1530 2067 1536 2094 :
1573 2052 1694 2106 quod
1714 2065 1898 2108 sperare
1921 2050 2043 2095 idem

556 2136 695 2175 senex
709 2136 799 2165 non
813 2131 977 2179 potest.
1046 2124 1321 2180 Insipienter
1336 2132 1501 2180 sperat.
1567 2124 1691 2180 Quid
1705 2124 1827 2167 enim
1848 2123 2047 2179 stultius,

556 2207 693 2249 quarn
717 2194 890 2240 incerta
908 2210 988 2252 pro
1006 2197 1142 2240 certis
1161 2196 1344 2251 habere,
1366 2196 1483 2239 falsa
1505 2210 1587 2253 pro
1611 2196 1761 2240 veris?
1824 2197 1883 2240 At
1906 2210 2046 2240 senex

557 2281 611 2311 ne
634 2268 757 2322 quod
780 2278 931 2325 speret
953 2269 1139 2323 quidem
1163 2270 1302 2313 hab-„t
1378 2269 1458 2312 *At
1488 2279 1557 2313 est
1591 2284 1647 2312 eo
1677 2269 1865 2314 meliore
1887 2268 2047 2313 condi·

557 2339 688 2383 cione
725 2353 862 2395 quam
895 2341 1183 2396 adulescens,
1205 2342 1424 2396 quoniam
1447 2342 1509 2395 ij,
1534 2342 1657 2396 quod
1681 2342 1753 2385 ille
1778 2351 1946 2399 sperat,
1969 2342 2044 2385 hic

558 2421 831 2456 consecutus
872 2421 953 2457 est.
1042 2415 1123 2459 llle
1171 2415 1263 2458 volt
1311 2414 1388 2458 diu
1443 2414 1594 2458 vivere
1619 2430 1628 2466 ;
1673 2415 1714 2457 h}
1790 2415 1867 2458 diu
1921 2414 2046 2459 vixit.

558 2482 661 2540 §69
697 2486 1026 2543 ¹Quamquam,
1042 2501 1068 2530 0
1089 2487 1147 2530 Di
1167 2488 1275 2530 boni
1298 2489 1305 2531 1
1330 2487 1438 2542 quid
1457 2496 1523 2531 est
1542 2487 1588 2531 in
1608 2487 1807 2531 hominis
1826 2488 1918 2531 vita
1935 2487 2049 2531 diu?

556 2558 649 2599 ²l)a
681 2557 803 2600 enim
826 2572 1092 2614 supremum
1115 2567 1298 2615 tempus
1318 2574 1328 2611 ;
1363 2567 1683 2616 exspectemus
1706 2560 2048 2604 Tartessiorum

558 2628 676 2685 regis
699 2637 898 2674 aetatem
919 2645 926 2674 :
960 2631 1044 2676 fuit
1066 2631 1204 2686 enim,
1227 2639 1276 2675 ut
1299 2631 1517 2688 scriptum
1536 2632 1686 2687 video,
1703 2631 2049 2688 Arganthonius

555 2701 745 2758 quidam
768 2703 991 2759 Gadibus,
1014 2705 1092 2762 qui
1115 2705 1349 2761 octoginta
1375 2714 1647 2761 regnaverat
1674 2719 1837 2760 annos,
1862 2712 2049 2749 centurn

554 2774 716 2831 viginti
734 2775 919 2820 vixerat.
988 2779 1081 2822 Sed
1099 2778 1212 2821 mihi
1231 2792 1287 2821 ne
1306 2777 1575 2822 diuturnum
1593 2778 1780 2833 quidem
1797 2778 2049 2833 quidquam

556 2846 747 2904 videtur,
769 2848 813 2893 in
837 2862 928 2906 quo
950 2858 1018 2895 est
1041 2851 1214 2908 aliquid
1236 2859 1505 2895 extremum.
1573 2851 1729 2909 Quum
1753 2852 1878 2895 enim
1900 2850 1947 2896 id
1969 2849 2050 2895 ad-
